3270 5310
236 1366 428 1494 Georgius
462 1367 653 1464 Hadriano
687 1399 709 1464 a
742 1368 946 1494 Krimpm,
980 1368 1160 1466 studioso
1195 1400 1312 1495 puero

614 1542 792 1641 Salutem
827 1545 932 1640 dicio.

196 2057 325 2122 Memor
347 2057 456 2138 petris
480 2057 532 2122 tui
556 2074 636 2137 erga
660 2074 714 2122 me
734 2057 993 2123 benevolentiae
1010 2061 1046 2122 et
1061 2058 1294 2140 liberalitatm,
1312 2068 1401 2137 (oum

150 2173 226 2238 eliis
255 2173 291 2237 in
322 2173 424 2238 rebus
456 2190 524 2238 non
555 2173 686 2253 possim
709 2174 742 2238 ei
765 2173 901 2254 dignius
924 2174 1119 2255 gratificari)
1144 2175 1206 2239 hoo
1231 2179 1266 2240 te
1290 2175 1400 2257 volui,

151 2288 200 2352 mi
233 2287 425 2369 Hadriane,
461 2288 613 2354 liberatio
649 2289 775 2353 donare
806 2289 1024 2371 munusculo,
1048 2307 1092 2354 ne
1115 2291 1263 2370 primum
1287 2292 1322 2356 in
1346 2309 1401 2357 me

153 2407 317 2485 tanquam
347 2405 383 2468 in
414 2404 587 2469 hominem
619 2405 791 2485 ingratum
823 2406 859 2468 et
883 2403 1036 2469 beneficii
1068 2405 1303 2471 immemorem
1328 2407 1401 2472 iure

153 2521 302 2601 torqueri
325 2521 436 2601 possit
461 2519 668 2585 Graecorum
692 2521 866 2586 senarius:
1416 2506 1419 2513 ’

406 2666 507 2729 Οὐδὲν
533 2663 660 2743 γέροντι
687 2670 820 2748 χρηστὸν
844 2664 995 2730 oodrnou
1021 2669 1141 2747 ὄράειν.

195 2804 244 2869 Ut
267 2807 304 2868 et
327 2807 367 2869 ou
391 2804 426 2868 in
451 2821 491 2869 eo
514 2805 658 2870 subinde
682 2808 822 2870 versato
846 2805 999 2870 animum
1022 2807 1122 2870 ouum
1146 2805 1311 2886 oblectes,
1330 2809 1402 2870 eta

149 2920 320 3003 socordia,
344 2920 445 3000 nugis
469 2920 664 3000 ineptisque
688 2919 819 2986 lusibus
842 2920 1013 2985 deflectas.
1048 2920 1251 2986 consideres
1268 2938 1401 3002 quoque

150 3039 286 3114 preeoer
320 3033 548 3099 eruditionem
579 3034 740 3117 latinam,
773 3036 853 3116 quid
885 3039 925 3100 iu
955 3036 1155 3116 parentibus
1184 3039 1220 3100 et
1242 3051 1402 3116 praecep-

151 3149 298 3231 toribus,
334 3149 414 3230 quid
450 3150 497 3213 illi
532 3167 652 3216 rursus
687 3151 750 3215 tibi
786 3151 953 3232 debeant,
989 3154 1026 3216 eo
1057 3150 1145 3232 quod
1170 3151 1401 3231 improborum

150 3264 329 3330 convietus
363 3283 403 3330 ao
437 3265 634 3331 sodalitium
669 3267 810 3346 perinde
846 3267 918 3331 sint
953 3267 1016 3331 tibi
1048 3284 1087 3332 ao
1114 3267 1224 3347 pestis
1248 3266 1399 3333 virendo.

150 3380 276 3460 Aooipe
299 3380 416 3461 iraque
440 3386 538 3462 grata
561 3399 665 3446 manu
689 3383 731 3446 ab
755 3383 864 3447 amieo
888 3384 1079 3463 profectum
1094 3382 1349 3462 munusculum,
1366 3386 1402 3447 ei

149 3493 252 3580 (quod
277 3496 342 3560 diei
366 3496 488 3585 solei):

513 3663 560 3702 ooo
587 3643 692 3719 dormio
719 3644 735 3703 ὅ
760 3641 805 3721 δᾴ)
829 3669 879 3715 τις
904 3644 1042 3706 ἐπαίνει.

730 3781 823 3846 Vale.
