3270 5310
797 367 860 430 174

541 560 575 624 Si
599 560 723 624 biberis
746 559 1003 624 immoderatius

498 675 593 756 Quod
617 675 739 755 gaudio
763 678 916 739 creatum
940 678 1033 754 erat,

497 792 605 871 Iram,
630 792 807 872 probrum,
833 790 1022 871 libidinem,

497 905 686 972 Simileisve
710 909 826 985 pestes
849 905 1000 971 imbibas

531 1075 591 1139 Cui
616 1074 730 1139 vaeh?
753 1074 806 1138 cui
831 1074 995 1153 querela?
1019 1074 1072 1137 cui

498 1190 656 1270 Plagae?
692 1189 753 1254 Cui
777 1189 1000 1254 discrimina?

495 1306 597 1387 Viro,
622 1306 679 1385 qui
703 1305 824 1371 Iaccho
847 1305 983 1369 deditus

498 1421 624 1486 Studet
647 1421 844 1485 hauriendis
866 1420 1007 1503 poculis.

541 1588 813 1653 Mediocritatem
837 1588 942 1669 igitm·
965 1589 1062 1664 tene,

496 1704 547 1768 Ne
571 1705 648 1785 plus
673 1706 831 1769 minusve
854 1704 1043 1784 sumpseris

497 1820 694 1884 Necessitas
717 1837 820 1900 quam
844 1820 1008 1900 postulat.

496 1936 661 2000 Extrema
685 1936 776 2000 enim
801 1936 928 2001 vitiosa
951 1939 1044 2001 sunt.

673 2150 987 2167 --—-.-.—-

432 2340 567 2418 Actus
605 2341 800 2436 quartus.
875 2339 1043 2418 Scaena
1079 2339 1229 2436 prima.

682 2703 821 2767 lunatici
843 2705 980 2768 sellarii.

505 2922 699 2988 Pannissus.
748 2924 922 2988 Caarscus.
972 2922 1153 2987 Srrrrscus.

331 3116 392 3180 llla
416 3133 569 3196 regressa
594 3117 694 3180 adibo
717 3116 909 3195 praefectos
935 3133 1028 3180 meos

328 3232 435 3296 Plane
459 3232 597 3296 futurus
620 3232 695 3296 luce
720 3232 811 3295 clara
834 3231 1014 3312 acceptior.

204 3349 281 3413 725.
330 3347 460 3411 Adeste
485 3347 584 3411 socii!
622 3347 753 3412 Adeste
778 3347 932 3412 amiculi!
970 3346 1107 3412 Ostium

330 3463 494 3527 Reserate
519 3481 621 3543 quarn
645 3463 792 3544 potestis
817 3464 879 3527 hoc
903 3463 1086 3527 citissime!

329 3579 408 3644 Cra.
435 3580 603 3659 Congeno
628 3580 741 3643 salve!
779 3579 865 3658 Quid
889 3579 1030 3659 agitur?
1055 3579 1146 3644 Sans
1169 3581 1224 3643 est
1247 3580 1365 3642 cutis?

328 3695 428 3761 Para.
455 3695 498 3770 O,
526 3695 570 3757 mi
597 3695 752 3775 Cabisce,
777 3697 862 3775 quot
886 3695 1010 3759 ictibus
1035 3697 1136 3758 natas
1160 3710 1254 3758 meas

328 3810 537 3874 Laniaverat
560 3809 779 3874 Didascalus!
817 3809 898 3891 Qui,
923 3810 1062 3889 amabo,
1089 3809 1160 3890 dic,

204 3923 281 3990 730.
330 3926 475 4005 Utrique
500 3928 657 3990 vestrum
681 3943 758 3989 cum
784 3925 947 4006 magistro
973 3925 1161 3989 convenit?

328 4041 408 4106 Cia.
458 4041 601 4104 Prorsus
625 4040 727 4121 nihil,
752 4057 833 4104 nam
857 4040 954 4104 venit
978 4041 1043 4105 huc
1068 4040 1254 4120 violenter,
1280 4041 1320 4102 ut

330 4155 399 4220 Nos
423 4156 457 4219 in
482 4155 632 4220 scholam
656 4155 875 4236 perduceret,
900 4156 958 4219 sed
984 4155 1154 4235 lapidibus

328 4272 485 4335 Abactus
508 4275 572 4336 est.
620 4270 714 4334 Misit
738 4271 915 4335 ministros
938 4271 1108 4351 publicos;

329 4386 458 4467 Quibus
482 4387 645 4451 resistere
669 4404 737 4451 non
761 4388 919 4452 valentes
943 4387 1096 4452 saeviter

207 4504 282 4568 735.
332 4502 448 4567 Vinoti
473 4519 611 4584 sumus,
637 4502 740 4566 tracti
764 4519 901 4583 sumus,
926 4503 1017 4567 caesi
1041 4519 1161 4567 sumus

328 4620 411 4682 Tam
436 4617 649 4695 immaniter,
675 4617 846 4699 Petrisce,
871 4621 911 4682 ut
934 4618 1143 4683 bulcerosior·
