3270 5310
543 1515 1090 1626 PRAEFATIO.

237 2042 513 2128 Humanissimus
544 2064 690 2143 mihique
721 2064 1021 2129 aestimatissimus
1050 2069 1224 2145 promotor
1247 2083 1363 2146 moue,
1388 2068 1441 2131 vir·

192 2178 271 2243 clar.
288 2179 318 2244 J.
337 2198 369 2246 v.
387 2198 417 2245 o.
436 2180 542 2244 Vnmr
559 2197 636 2244 eum
654 2180 732 2243 milri
749 2181 790 2244 de
804 2180 1052 2244 dissertationis
1064 2184 1266 2260 argumento
1279 2182 1441 2261 cogitanti

192 2298 312 2360 auctor
335 2295 457 2360 fuisset
480 2300 520 2360 ut
543 2299 679 2375 poetam
704 2296 852 2376 aliquem
876 2296 931 2361 vel
955 2296 1156 2377 scriptorem
1179 2314 1223 2361 ex
1247 2297 1302 2377 iis,
1327 2298 1439 2378 quiin

192 2412 304 2493 patria
327 2415 446 2477 nostra
468 2413 644 2479 literarum
665 2413 865 2477 Latinarum
881 2413 981 2478 laude
998 2412 1201 2492 floruerunt,
1219 2415 1439 2478 tractandum

194 2528 275 2592 mihi
297 2545 486 2602 sumerem,
507 2528 653 2604 anricus
672 2529 724 2592 vir
739 2528 819 2594 clar.
837 2527 1022 2593 Gnansuus
1038 2528 1171 2605 Kanna,
1188 2528 1439 2609 Maeropedium

195 2644 273 2707 mihi
298 2645 559 2710 commendavit.
607 2644 710 2709 Cuius
734 2662 858 2709 nomen
883 2663 960 2709 cnm
976 2645 1011 2708 in
1029 2644 1229 2726 Germania,
1250 2644 1438 2721 Brittania,

193 2759 309 2840 Belgio
333 2761 422 2841 apud
447 2761 538 2825 viros
562 2760 680 2825 doctos
701 2762 808 2841 magis
823 2763 945 2826 notum
962 2761 1007 2825 sit
1023 2779 1125 2841 quam
1143 2761 1232 2841 apud
1248 2763 1438 2844 nostrates

192 2877 355 2941 nonnulla
386 2878 571 2958 praefanda
604 2878 683 2941 milri
714 2878 850 2959 putavi,
882 2878 1006 2958 quibus
1035 2880 1071 2942 et
1095 2895 1139 2942 ex
1162 2878 1203 2941 iis
1227 2895 1314 2958 quae
1338 2879 1440 2941 extra

192 2993 338 3074 patriam
369 2997 524 3058 nestram
554 2994 718 3075 proximis
747 2994 845 3058 annis
869 2993 910 3059 de
934 2994 1146 3074 Maeropedio
1169 2994 1297 3075 scripta
1321 2996 1439 3057 essent

192 3109 373 3189 praecipua
407 3126 510 3189 quam
545 3109 746 3174 brevissime
782 3126 1032 3186 enumerarem,
1070 3110 1106 3172 et
1138 3125 1240 3189 quam
1272 3108 1440 3173 rationem

192 3224 226 3288 in
257 3225 320 3289 hoe
351 3225 463 3290 libello
494 3226 727 3305 componendo
758 3229 898 3290 secutus
929 3242 1042 3290 essem
1073 3225 1190 3306 paucis
1221 3241 1437 3305 exponerem.

193 3344 308 3423 Atque
323 3343 414 3407 inter
430 3341 553 3423 Belgas
570 3342 708 3422 quidem
726 3342 778 3406 vir
794 3342 883 3408 doct.
898 3342 1096 3406 Funnrnnnn
1110 3340 1438 3421 VnnnnnHanonnn,

192 3458 413 3524 bibliothecae
446 3459 643 3523 Gandianae
674 3458 886 3540 praefectus
918 3458 1211 3523 accuratissimam
1238 3456 1438 3536 Maeropedii

191 3573 352 3639 librorum
386 3575 663 3656 bibliograplriam
698 3591 801 3655 quam
836 3578 964 3640 vocant
997 3574 1160 3655 confecit,
1199 3577 1236 3637 et
1271 3574 1321 3638 vir
1349 3572 1438 3638 doct.

191 3690 397 3755 Amnonsus
420 3692 579 3756 Bonnsen
602 3707 691 3755 anno
711 3692 796 3754 1894
813 3691 846 3756 in
863 3690 947 3754 libro
963 3691 1020 3770 qui
1036 3689 1233 3754 inscribit-m·
1251 3687 1438 3772 „Biogran'e

192 3806 393 3872 Nationale”
426 3807 467 3870 do
499 3810 601 3886 poeta
628 3811 745 3871 nostro
770 3807 910 3871 brevem
934 3806 1072 3887 scripsit
1096 3805 1437 3887 commentationem,

192 3939 278 4002 quae
310 3923 442 4004 legatur
474 3923 718 4002 dignissimam.
767 3922 805 3985 ln
829 3921 1002 3985 Brittania
1026 3921 1183 3985 Canonos
1207 3920 1249 3986 H.
1275 3920 1438 3985 Hannone

191 4038 225 4101 in
256 4038 350 4122 libri,
382 4040 477 4105 cuius
510 4039 630 4105 titulus
661 4041 715 4103 est
749 4038 907 4122 „Studies
935 4038 970 4101 in
998 4037 1056 4101 the
1080 4037 1237 4118 Literary
1261 4036 1439 4100 Relations

191 4153 230 4218 of
255 4156 407 4236 England
439 4156 505 4220 and
538 4156 712 4237 Germany
736 4155 772 4218 in
796 4155 854 4219 the
878 4154 1056 4219 sixteenth
1080 4152 1246 4236 century''
1269 4151 1295 4239 ¹)
1319 4152 1438 4233 Capite

191 4272 311 4352 tertio,
343 4289 410 4351 quo
441 4272 481 4335 de
509 4272 664 4336 dramate
688 4271 810 4336 latine
834 4271 963 4336 saeculi
986 4270 1107 4334 decimi
1131 4270 1220 4335 sexti
1246 4268 1379 4333 erudite
1403 4271 1439 4332 et

190 4386 365 4466 eleganter
407 4388 587 4471 disseruit,
630 4387 859 4469 compluribus
898 4386 979 4451 locis
1012 4386 1262 4466 Macropedium
1298 4385 1438 4464 eiusque

197 4582 401 4589 —.-——-.-.-.-..—

229 4715 248 4777 ¹)
267 4713 453 4783 (arnbridge,
472 4714 503 4768 at
524 4715 576 4767 tlre
596 4713 772 4781 Unirmsity
792 4712 892 4781 Press,
915 4712 990 4767 1886.
