3270 5310
787 423 847 485 161

316 614 401 680 Mrs
428 613 504 680 Non
530 615 618 681 vitia
641 615 780 696 corrigi,
805 615 864 680 sed
890 615 1059 681 oviculam
1084 620 1165 681 veto

316 731 495 796 innoxiam
519 732 733 797 excoriarier.
759 732 845 796 Fera
864 732 993 813 bestia,

316 847 486 913 Haeccine
509 851 571 913 tua
594 852 649 913 est
671 848 863 913 correctio?
887 848 960 912 Iam
983 848 1165 912 didicimus

192 971 199 987 ⁴
260 1014 267 1027 .
316 962 408 1043 Quae
432 980 678 1044 saepenumero
700 965 915 1045 audivimus,
944 981 1093 1045 quonam
1117 964 1284 1029 hactenus

316 1078 422 1143 Pacto
446 1097 529 1144 usus
556 1097 593 1144 es
617 1080 761 1158 nostris,
789 1083 954 1161 tyranne,
978 1080 1103 1144 liberis

316 1194 437 1260 Probis
460 1200 555 1261 satos
579 1196 780 1275 parentibus
805 1200 841 1260 et
866 1196 1023 1261 innoxios

319 1310 480 1376 Sinamus
503 1311 554 1375 ita
579 1312 693 1392 caedi,
719 1311 829 1391 trahi,
854 1311 1062 1376 mactarier?

316 1427 390 1493 Dm.
415 1427 597 1492 Innoxium
620 1444 740 1509 vocas,
766 1429 824 1508 qui
848 1428 1006 1493 adhaesit
1028 1427 1168 1493 noxiis?

194 1550 201 1568 ‘
260 1595 267 1610 .
317 1542 382 1623 Qui
404 1561 477 1608 rem
502 1546 600 1607 tuam
623 1544 846 1608 domesticam
871 1544 963 1609 furto
986 1544 1132 1608 abstulit

317 1659 355 1723 In
378 1675 591 1739 ganeumque
617 1659 824 1723 transtulit?
860 1658 924 1739 Qui
949 1660 983 1723 in
1007 1659 1134 1724 fornice

314 1774 441 1838 Latens
464 1774 734 1855 vagabundusve
760 1792 862 1854 saepe
886 1775 1001 1839 schola
1023 1775 1163 1839 abfuit?

316 1889 417 1954 Phra.
442 1889 587 1954 Mentire
612 1890 762 1970 singulal
783 1890 913 1972 Egone,
938 1894 1060 1971 mater,
1084 1890 1196 1970 patiar
1220 1890 1328 1955 haec?

317 2004 390 2070 Dru.
416 2006 472 2069 An
496 2007 662 2087 mentior,
688 2007 745 2086 qui
769 2024 790 2070 a
813 2010 912 2086 patre
936 2006 1063 2085 partim
1087 2006 1194 2070 istaec
1219 2010 1297 2086 tue,

195 2132 201 2145 ·
262 2174 269 2185 .
317 2121 450 2185 Partim
470 2122 512 2185 ab
535 2121 612 2185 aliis
637 2139 720 2186 vera
744 2122 863 2203 didici,
886 2123 1014 2202 partim
1037 2138 1171 2202 quoque

193 3855 266 3918 395.

318 2235 400 2301 Mihi
424 2237 497 2317 ipse
521 2237 633 2302 fassus
656 2239 719 2302 es?
744 2238 845 2304 Pnrn.
869 2239 939 2318 Ego
963 2237 1076 2301 fassus
1099 2254 1175 2301 sum
1200 2237 1290 2301 tibi?

317 2351 474 2417 Mentiris
493 2353 644 2432 aedepol.
670 2353 745 2418 Dm.
770 2354 820 2417 At
843 2353 897 2417 hic
925 2370 1008 2433 grex
1032 2353 1134 2416 testis
1159 2355 1223 2416 est.

316 2466 402 2532 Mrs.
427 2467 511 2532 Fors
535 2470 677 2532 verbere
702 2469 881 2533 extorsisti
905 2472 945 2533 ut
968 2469 1083 2549 aliqua
1106 2467 1246 2533 diceret.

320 2582 365 2646 Et
388 2583 468 2663 quid
494 2584 522 2647 si
547 2584 604 2670 (ut
626 2601 811 2649 assuevere
833 2584 945 2668 pueri)
969 2585 1024 2649 vel
1050 2601 1153 2665 pyra,

264 2750 269 2762 .
318 2698 383 2763 Vel
409 2699 515 2772 mala.
540 2700 595 2764 vel
618 2701 721 2781 licus,
746 2701 801 2765 vel
826 2701 879 2765 his
902 2701 1014 2765 simile
1037 2701 1208 2766 abstulit?

317 2814 391 2880 Dm.
417 2814 515 2879 Adde
540 2832 623 2896 ova,
648 2833 786 2896 carnea,
806 2834 944 2881 caseum
968 2820 1005 2881 et
1029 2816 1218 2896 pecuniam.

318 2931 420 2996 Pure.
447 2930 613 2995 Mentitur
637 2932 827 3010 impudens.
880 2932 949 2997 Dm.
974 2932 1038 2997 Vel
1063 2949 1125 3012 ego
1149 2931 1205 2997 vel
1228 2935 1394 2997 tutumet.

317 3045 402 3111 Mra.
428 3044 515 3125 Quid
539 3047 667 3111 audio?
692 3047 862 3111 Tantlllus
884 3048 939 3112 hic
962 3065 1046 3127 puer
1070 3048 1196 3112 audeat

315 3160 379 3226 Vel
404 3161 599 3227 istiusmodi
624 3163 679 3227 vel
705 3163 841 3228 obolum
866 3163 1065 3244 attingere?

262 3331 267 3342 .
317 3276 391 3342 Dm.
417 3276 462 3341 Et
484 3277 603 3341 felium
627 3278 733 3342 catuli
757 3278 899 3343 subinde
923 3279 1095 3343 lebetibus

315 3393 460 3458 Carnem
483 3394 682 3457 extrahunt.
708 3393 788 3457 Mihi
813 3395 912 3458 crede
936 3395 1077 3476 mulier,
1102 3396 1130 3458 si
1155 3394 1248 3459 sinas

314 3507 520 3574 Adolescere
544 3508 607 3573 hoo
631 3513 731 3588 pacto
756 3514 855 3574 tuum
880 3510 1087 3590 puellulam,

316 3623 448 3688 Vereor
471 3625 561 3688 cruci
586 3642 628 3687 ne
653 3625 794 3689 tandem
817 3624 976 3689 adultum
999 3626 1142 3690 nutrias.

315 3738 403 3804 Mrs.
430 3738 521 3818 Quas
544 3743 584 3804 tu
610 3741 691 3804 mihi
717 3741 873 3806 obtrudis
896 3758 1032 3824 cruces,
1060 3741 1161 3805 homo
1186 3740 1337 3805 omnium

314 3853 532 3920 Deterrima?
556 3856 670 3936 Egone
694 3856 801 3921 filium
826 3874 940 3921 meum
966 3857 1083 3921 cruci?
1107 3856 1208 3920 Para.
1234 3856 1344 3936 Hem,

313 3969 428 4051 Egone
451 3971 569 4035 cruci?
594 3973 793 4037 caedamusl
841 3972 928 4044 Mrs¹
956 3972 1141 4052 Impudens
1163 3973 1284 4051 caputl

317 4086 390 4151 Dm.
417 4087 463 4151 Te
486 4087 623 4152 contine
648 4088 791 4169 mulier,
816 4088 943 4168 alioqui
966 4088 1008 4151 ad
1033 4088 1206 4153 consulem

316 4201 401 4266 Duci
425 4202 565 4281 iubebo,
590 4203 717 4267 adsunt
741 4204 831 4267 enlm
856 4203 979 4269 lorarli.
1027 4203 1129 4269 Pure.
1154 4203 1239 4268 Huil

316 4317 484 4382 Cedamus
508 4319 585 4382 hinc
611 4323 738 4401 mater,
765 4319 898 4383 valeat!
945 4319 1031 4384 Mrs.
1056 4319 1156 4383 Haud
1181 4320 1230 4382 sic
1254 4323 1379 4383 tamen.

667 4587 970 4600 —————.-
