3270 5310
334 1290 570 1390 Posterioris
604 1290 788 1385 editionis
823 1289 1062 1385 mutationes
1095 1289 1135 1385 et
1168 1288 1442 1385 additamenta

787 1569 988 1576 ῌ--ῌ

304 1794 343 1858 In
385 1793 573 1874 posteriore
617 1792 760 1857 Petrisci
804 1792 969 1873 editione,
1013 1809 1099 1872 quae
1143 1809 1211 1856 una
1254 1810 1332 1857 curn
1376 1792 1512 1872 reliquis

262 1909 462 1989 Macropedii
498 1909 619 1973 fabulis
654 1907 816 1996 (excepta
847 1909 925 1972 iesu
957 1907 1180 1985 Scholasticoi
1212 1907 1392 1973 Ultraiecti
1423 1909 1511 1988 apud

261 2025 500 2089 Harmannum
527 2025 731 2089 Borculoum
755 2025 880 2105 prodiit
903 2041 993 2089 anno
1021 2025 1105 2088 1553
1130 2023 1292 2089 nonnulla
1317 2024 1512 2089 invenimus

262 2144 406 2206 mutata.
442 2141 602 2206 Cabiscus
620 2144 655 2204 et
673 2141 854 2222 Stypiscus
870 2157 960 2205 nunc
976 2141 1190 2221 appellantur
1206 2140 1462 2221 Argyroclopus
1479 2144 1513 2204 et

262 2257 465 2336 Meloclopus
496 2267 598 2343 (quae
631 2257 770 2321 nomina
802 2260 917 2320 tamen
948 2256 990 2320 iis
1021 2272 1089 2320 non
1119 2256 1205 2320 satis
1229 2260 1409 2334 constant,
1434 2273 1513 2320 nam

262 2372 435 2437 interdum
468 2375 726 2452 permutantur,
758 2372 808 2436 ita
834 2374 874 2436 ut
898 2371 1060 2436 Cabiscus
1084 2371 1306 2452 Meloclopus,
1333 2371 1514 2453 Stypiscus

265 2488 518 2570 Argyroclopus
541 2488 611 2576 sit).
659 2487 748 2552 Hinc
771 2487 902 2552 iactum
926 2489 980 2551 est
1004 2490 1044 2551 ut
1066 2486 1256 2568 complures
1280 2503 1404 2552 versus
1420 2487 1514 2552 leves

265 2603 524 2668 immutationes
564 2604 755 2669 habuerint.
812 2603 947 2667 Omissa
986 2606 1041 2667 est
1079 2603 1229 2667 narratio
1269 2602 1437 2684 Sycastae
1473 2602 1514 2667 de

265 2719 396 2784 Cabisci
432 2723 468 2783 et
503 2719 652 2801 Stypisci
688 2720 790 2784 rebus
825 2719 932 2799 gestis
968 2719 1164 2799 eoo-954,
1200 2719 1235 2782 in
1269 2718 1368 2783 cuius
1403 2718 1515 2783 locum

264 2836 443 2899 subierunt
466 2852 610 2899 scaenae
633 2838 721 2913 tres;
747 2835 877 2914 priores
901 2835 1003 2915 duae,
1028 2851 1114 2914 quae
1138 2834 1312 2899 fructuum
1330 2834 1463 2898 furtum
1479 2837 1515 2897 et

264 2949 440 3031 Megaerae
472 2951 558 3015 iram
590 2951 769 3030 exhibent,
793 2951 884 3015 inter
908 2951 993 3015 duas
1016 2953 1133 3030 partes
1157 2966 1280 3015 versus
1303 2950 1387 3031 863,
1412 2951 1516 3014 tertia

264 3066 321 3130 ubi
357 3065 512 3146 Megaera
547 3083 618 3130 rem
655 3066 767 3131 defert
797 3066 885 3147 apud
918 3066 1116 3130 Praetorem
1147 3067 1225 3146 post
1249 3082 1391 3130 versum
1419 3066 1513 3131 1044.

264 3181 410 3246 Videtur
449 3182 682 3263 Macropedius
721 3184 900 3261 reputasse
939 3181 1087 3246 demissa
1127 3198 1186 3262 per
1221 3197 1339 3246 aurem
1374 3181 1516 3261 segnius

262 3296 396 3360 irritare
431 3299 666 3376 spectatorum
701 3296 834 3360 animos
871 3298 907 3359 et
938 3299 1016 3377 post
1047 3295 1271 3378 Argyroclopi
1302 3295 1515 3375 praeclarum

264 3410 394 3476 facinus
430 3411 611 3492 Meloolopo
647 3411 759 3476 simile
794 3411 874 3491 quid
907 3411 1111 3491 patrandum
1144 3428 1238 3492 esse;
1270 3412 1364 3476 cuius
1398 3413 1516 3478 tamen

264 3526 394 3590 furtum
430 3530 509 3607 post
545 3528 651 3592 multo
687 3528 849 3592 maiorem
887 3528 1108 3609 Argyrociopi
1138 3528 1291 3607 rapinam
1318 3526 1515 3608 languidum

263 3641 400 3706 videtur
423 3645 458 3707 et
483 3641 704 3723 suffugidum.

309 3757 431 3822 Omnia
462 3761 579 3823 autem
608 3776 695 3838 quae
719 3759 753 3822 in
778 3758 965 3839 posteriore
990 3757 1137 3823 editione
1162 3760 1296 3823 mutata
1319 3757 1375 3823 vel
1398 3757 1517 3822 addita

264 3876 347 3938 sunt
369 3874 424 3938 hic
448 3874 701 3954 adscripsimus.

299 4224 424 4289 Argum.
444 4223 460 4274 5
479 4235 583 4276 aureos
602 4223 712 4276 decem.
750 4222 828 4276 Petr.
850 4223 883 4275 14
902 4235 1025 4277 suorum
1046 4221 1171 4276 liberum
1192 4222 1243 4276 109
1262 4221 1317 4275 hoo
1337 4233 1390 4288 pro
1412 4222 1464 4276 148
1480 4223 1516 4276 ad

262 4319 320 4373 alia
341 4319 391 4373 163
411 4325 528 4386 praeter
547 4318 648 4374 dolum
668 4320 698 4372 et
718 4319 769 4372 161
790 4319 993 4383 mendacium,
1013 4333 1088 4386 quac
1110 4319 1161 4373 182
1180 4333 1248 4374 cum
1268 4317 1450 4386 vagantibus
1470 4322 1516 4372 est

262 4416 289 4470 ei
312 4416 482 4470 communio
503 4415 554 4469 183
573 4416 707 4469 Profecto
727 4417 776 4469 191
798 4416 841 4470 Tu
861 4416 1038 4483 neutiquam
1057 4415 1109 4470 209
1129 4415 1284 4471 Sodalibus
1304 4415 1380 4469 meis
1399 4415 1517 4470 duobus

262 4513 377 4568 tradidi.
408 4512 490 4566 Inter
509 4513 561 4566 209
580 4514 611 4568 ot
624 4512 677 4567 210
689 4513 833 4567 inseritur
846 4511 1010 4567 versiculus
1024 4512 1085 4568 hio:
1100 4513 1167 4567 Dro.
1181 4513 1291 4567 Ultro?
1311 4512 1402 4567 Prona.
1417 4512 1517 4569 Ultro.

262 4609 328 4663 Dm.
357 4609 450 4676 Quis?
488 4609 577 4664 Para.
608 4609 764 4677 Meloclopo
792 4611 823 4663 ot
853 4609 1053 4676 Argyroolopo
1081 4610 1132 4664 211
1160 4609 1256 4676 pluria
1275 4608 1328 4665 307
1348 4609 1517 4678 profugeris
