3270 5310
784 450 846 512 165

314 638 529 719 Praeceptor.
566 639 646 706 Cra.
672 640 726 704 Ad
750 657 891 722 corvos,
916 659 1025 722 neque
1050 644 1171 709 amodo
1196 646 1276 708 mihi
1301 664 1391 727 prae-

1142 764 1259 840 ceptor
1283 766 1346 828 est.

192 871 267 935 475.
315 869 548 936 Vaiedicimus
571 871 683 952 palam
708 872 854 954 tibique,
879 873 1053 954 literisque
1077 878 1114 939 eb
1137 875 1216 940 ludo
1240 876 1327 943 huie.

315 985 411 1053 srva
436 986 669 1052 valedicimus
694 988 1015 1069 meminerimusque
1040 990 1137 1067 olim,
1164 992 1220 1055 ubi
1243 991 1345 1057 fuerit

1182 1108 1322 1172 eccesie.

314 1216 387 1282 Dm.
412 1218 534 1301 Abibo,
559 1218 650 1283 abite
674 1219 729 1283 vel
752 1220 794 1283 ad
819 1236 972 1301 crucem,
998 1220 1079 1285 dum
1103 1240 1212 1302 ueque
1236 1225 1399 1289 suavibus

1231 1339 1368 1419 quidem

313 1447 432 1528 Neque
455 1450 586 1530 asperis
609 1450 824 1531 corrigimini.
865 1451 945 1518 Cre.
971 1453 1047 1516 Vah
1063 1454 1215 1518 sordide!
1245 1454 1341 1520 Sura.
1359 1456 1434 1519 Vah

1220 1570 1389 1635 carnifex!

312 1678 392 1746 Lea.
426 1679 590 1762 Valeant,
620 1681 800 1762 magister,
824 1683 858 1746 hi
882 1683 1036 1764 improbi.
1084 1685 1158 1750 Dm.
1184 1685 1338 1751 Caveaub
1361 1688 1434 1753 sibi.

1076 1799 1169 1880 Quod
1195 1803 1345 1866 muneris

189 1910 265 1974 480.
312 1910 377 1976 Mei
402 1912 468 1977 fuit
491 1914 621 1994 subivi,
645 1915 820 1995 habeoque
844 1916 989 1995 gratiam
1014 1917 1127 1999 vobis,
1153 1917 1217 1982 viri
1302 1949 1303 1952 π

313 2027 519 2109 Fortissimi,
545 2047 745 2111 mecumque
768 2031 886 2096 adeste
910 2033 945 2096 in
968 2033 1118 2111 prandio.
1167 2034 1247 2097 Loe.
1272 2033 1405 2113 Placet3

1241 2149 1365 2213 iterum

312 2258 364 2323 Illi
379 2260 422 2324 ad
433 2278 534 2326 suum
547 2262 677 2327 rediere
691 2264 925 2343 prostibulum.
951 2262 1024 2328 Dm.
1039 2262 1154 2344 Doleo,
1168 2280 1230 2328 vos
1242 2263 1431 2343 sequimini.

313 2374 429 2455 Crepit
452 2379 578 2442 ostium
602 2378 637 2441 in
662 2379 804 2459 vieinia3
829 2379 971 2443 vitanda
996 2380 1111 2456 turba;
1135 2379 1327 2458 sequimini.

763 2621 939 2637 .--...—-

402 2857 536 2936 Actus
575 2859 807 2937 secundus.
874 2858 1039 2937 Scaena
1077 2860 1216 2937 sexta.

589 3257 792 3324 Musarum.
839 3257 1034 3324 Purrrscus

646 3450 768 3514 Versus
790 3454 978 3531 septemtrii.

311 3644 374 3708 Vir
400 3645 515 3724 abest,
540 3643 699 3722 Liturgus
723 3644 839 3719 abest,
864 3643 989 3707 fanulia
1013 3642 1126 3718 abest,
1153 3646 1278 3707 vacant
1303 3642 1437 3723 plateae

190 3761 277 3850 485.Ι
312 3760 514 3839 Vacantque
538 3759 669 3823 vicinae
693 3758 935 3838 domuquuid
959 3758 1032 3823 sola
1055 3775 1117 3838 ego
1142 3758 1308 3823 obtuebor

313 3875 419 3940 Deses
443 3874 617 3956 parietes?
654 3875 813 3940 Feriaeue
838 3874 1018 3955 publicae?
1054 3874 1203 3938 Petrisce

313 3991 424 4069 Ades;
456 3990 526 4077 (est
549 3991 639 4055 euim
663 3991 751 4070 quod
776 3990 844 4054 filio
869 3990 1028 4054 mandem
1052 3989 1249 4069 priusquam
1273 3988 1371 4053 abibo
1395 3989 1437 4053 ad

312 4105 522 4171 Philoeniam
538 4109 641 4186 abque
658 4106 852 4193 Euodiamju
869 4106 965 4188 heus,
982 4105 1162 4185 prodisne?
1178 4105 1258 4186 quid
1272 4105 1437 4169 meraris?

312 4221 411 4286 Pera.
438 4221 615 4296 Mabercla,
641 4225 778 4303 praesto
802 4239 896 4301 sum,
921 4220 999 4300 quid
1024 4221 1191 4300 estquod
1216 4236 1293 4283 mea
1313 4237 1414 4300 opera

1212 4338 1369 4400 curatum

190 4452 266 4517 490.
313 4450 444 4516 Voles?
490 4451 575 4516 Mus.
601 4451 690 4530 Cape
715 4451 777 4515 has
801 4451 933 4531 claves;
959 4452 1098 4515 domum
1122 4451 1202 4515 dum
1227 4451 1357 4515 rediero

1193 4571 1322 4632 curate.

313 4683 414 4750 Pure.
432 4682 573 4749 curabo.
599 4682 684 4749 Mus,
704 4682 816 4746 Adibo
833 4682 1025 4762 proximum
1042 4681 1239 4761 oenopoiion
1254 4682 1295 4746 ad
1310 4681 1436 4745 amicas
