3270 5310
725 400 789 462 221

316 594 350 658 Si
373 593 484 658 hostis
507 594 631 657 exurat
654 591 836 672 populatus
859 592 978 656 urbem

314 710 358 774 Et
381 713 460 773 tuas
483 708 605 788 aedes,
629 708 810 789 abigatque
834 707 1015 787 praedam,

160 827 187 891 '.
315 825 482 905 Suggeret
505 823 613 888 multo
637 823 778 887 meliora
801 823 913 887 danda
1012 832 1015 837 ’

561 939 681 1003 Mortis
702 939 823 1020 imago.

316 1160 351 1223 Si
373 1159 447 1225 lues
471 1159 609 1224 charam
633 1159 801 1238 sobolem,
826 1158 985 1239 pudicam
1038 1135 1042 1142 ¹

316 1275 520 1357 coniugem,
544 1292 687 1342 vernae.
713 1274 875 1355 pecudem
900 1273 1050 1353 vorarit,

316 1390 365 1456 Ut
387 1391 496 1473 seraa,
522 1393 692 1455 monstrat
715 1392 752 1454 to
776 1391 947 1454 obiturum
972 1393 1008 1454 et
1031 1390 1144 1469 ipsum

563 1506 683 1570 llortis
706 1506 825 1585 imago.

317 1724 353 1790 Si
378 1742 547 1804 occupans
570 1725 696 1804 praedo
720 1725 868 1789 latebras
892 1724 1026 1789 viarum

317 1841 463 1906 Auferat
486 1858 635 1923 merces,
659 1840 830 1922 tunicam,
854 1840 909 1904 vel
933 1858 1070 1917 aurum,

317 1956 411 2021 Haec
434 1957 530 2042 (licet
552 1956 688 2044 serves)
712 1956 863 2037 peritura
887 1961 1057 2021 monstrat

564 2071 684 2136 Mortis
708 2072 830 2152 imago.

162 2292 192 2356 Γ.
318 2292 399 2356 Sive
423 2289 607 2371 compilant
630 2292 719 2356 bona
742 2294 866 2355 cuncta
889 2292 999 2359 turea.

318 2406 398 2471 Sive
422 2411 641 2487 corrumpant
665 2408 777 2472 tineae
801 2410 904 2487 eatque
927 2406 1073 2486 blattae,

319 2522 489 2586 Monstrat
512 2522 547 2585 in
572 2523 675 2587 caelis
698 2523 850 2602 peritura
874 2538 1049 2602 nunquam

565 2638 686 2703 Mortis
709 2639 829 2719 image.

321 2857 441 2922 Laedit
464 2858 518 2922 hic
541 2858 686 2938 famam,
712 2861 812 2923 nocet
835 2859 888 2922 illc
913 2858 1005 2938 pelli,

187 3023 195 3039 .
320 2972 515 3037 Clanculum
538 2973 593 3037 hic
618 2974 768 3054 mordet,
793 2973 904 3054 palam
928 2976 964 3037 et
987 2973 1040 3037 ille
1065 2974 1152 3037 ridet
1174 2973 1215 3055 ¹),

322 3088 440 3167 Ferto,
465 3089 665 3169 tergendam
688 3089 886 3153 lachrimam
909 3088 1022 3168 inquit
1046 3104 1179 3152 omnem

567 3203 688 3269 llortis
711 3205 832 3285 imago.

323 3423 406 3501 Quid
432 3425 466 3488 te
490 3423 523 3486 in
548 3424 704 3488 adversis
728 3424 896 3504 placidum
919 3427 1023 3504 arque
1047 3423 1187 3503 fortem,

323 3538 406 3603 Diva
430 3538 592 3620 Martiae,
616 3539 658 3603 ad
685 3539 860 3603 toleranda
883 3539 966 3603 fecit

168 3654 196 3720 ⁹.
322 3654 470 3738 Cuncta,
496 3658 530 3719 te
554 3655 668 3719 solans
692 3654 759 3719 nisi
783 3659 882 3735 porta
905 3655 1015 3734 vitae,

569 3769 688 3834 Mortis
712 3771 846 3851 imago?

326 3988 374 4052 lln
399 3988 513 4068 videa,
538 3989 696 4070 quicquid
720 4007 824 4070 grave
848 3990 904 4054 vel
927 3989 1109 4054 molestum

326 4105 386 4167 Est
408 4105 442 4168 in
466 4104 530 4169 hac
554 4104 643 4186 vita,
668 4105 882 4169 tolerandum
906 4104 940 4167 id
964 4120 1040 4168 osse

326 4220 513 4301 Monstrat,
537 4224 577 4285 ut
600 4221 690 4301 quod
714 4221 760 4284 sit
783 4222 850 4283 cito
874 4220 1084 4299 desiturum,

572 4335 691 4399 Mortis
714 4336 834 4415 image.

146 4520 349 4531 Q.—

184 4654 203 4715 1)
222 4652 287 4706 Vid.
308 4666 353 4720 pg.
373 4652 408 4705 34
428 4653 489 4706 not.
