3270 5310
712 415 776 478 159

116 610 192 673 305.
241 609 313 674 Dm.
339 608 534 674 Recluditel
579 607 679 674 Sara.
703 608 803 673 Haud
828 607 1047 682 recludimus,
1072 610 1211 689 quinte
1235 610 1343 689 magis

241 725 398 805 Tuosque
422 724 655 789 disturbamus
679 723 836 806 aeditua,
861 724 925 788 nisi

241 839 370 921 Sponte
395 840 524 905 redeas,
573 840 646 905 Dm.
672 840 816 920 Aperito
841 842 896 921 tu,
921 840 1060 919 mulier,
1083 840 1191 916 iores,

243 955 432 1037 Nequando
455 956 527 1021 iure
551 955 749 1021 consulatus
773 960 807 1020 te
832 960 963 1037 arguat.
1085 1034 1087 1037 .

241 1071 330 1136 Drsc.
356 1071 576 1152 Praeceptor,
602 1072 635 1136 in
661 1076 695 1136 te
720 1071 856 1136 lotiuml
905 1071 1005 1136 Saxa.
1030 1071 1161 1151 Habetl
1208 1072 1304 1138 Puri.

932 1188 1016 1252 ‘lun'
1041 1188 1175 1252 sordide
1199 1186 1262 1252 hoc

118 1304 193 1368 310.
243 1303 356 1368 Meum
381 1303 550 1383 relinques
574 1303 725 1368 ostium?
772 1302 871 1367 Sura.
897 1302 1049 1383 (lebiaco,
1074 1303 1174 1379 ades,

243 1420 293 1483 Tu
317 1435 404 1484 saxa
427 1420 631 1500 coctilesque
656 1419 785 1500 lapides
809 1419 940 1495 suffice,

240 1534 529 1616 Philochrysium
554 1538 594 1598 tu
617 1534 730 1615 profer
753 1535 819 1599 huc
842 1534 918 1614 plus
941 1534 1029 1613 lotii,

242 1649 353 1714 Facile
377 1649 466 1715 hunc
491 1650 732 1715 Aristarchum
756 1650 895 1715 aedibus
920 1650 1153 1730 repulerimus.

243 1764 490 1838 Pedunculose.
516 1766 652 1831 sordide
675 1783 715 1830 ac
738 1766 933 1847 phanatica,

116 1882 192 1946 315.
242 1880 402 1946 Nondum
425 1881 556 1947 recedis
579 1882 621 1946 ab
644 1881 813 1946 aedibus?
861 1881 950 1947 Drsc.
976 1882 1099 1946 Petrae
1123 1885 1245 1955 ruunt,

240 1997 462 2078 Praeceptor,
486 1997 612 2078 effuge!
660 1998 733 2062 Dm.
758 1998 861 2062 Irrita
883 1998 967 2064 haec
991 1997 1162 2062 industria
1184 2001 1253 2068 esu

239 2112 418 2193 captanda
441 2113 582 2178 consilia
605 2114 722 2179 altera.
771 2113 867 2179 Heus
892 2117 944 2193 tn,
969 2113 1141 2194 claviger,

239 2229 374 2294 Accede
398 2230 586 2311 consulem,
611 2247 692 2310 roga
715 2230 835 2295 mittat
858 2229 943 2294 duos

239 2344 413 2426 Lorarios‚
438 2345 496 2426 qui
519 2345 736 2426 corrigendos
760 2346 910 2426 exigant.

119 2461 195 2525 320.
244 2459 365 2541 Curre,
391 2461 453 2526 hoc
477 2462 549 2525 loco
574 2461 627 2525 vel
651 2460 685 2525 in
709 2461 824 2525 schola
847 2461 1066 2525 morabimur.

239 2574 330 2640 Drsc.
356 2575 499 2640 Factum
522 2579 614 2655 puta.
666 2576 788 2657 Curm,
813 2580 982 2655 revertor,
1007 2576 1061 2641 hic
1085 2575 1219 2640 resisto.

241 2690 321 2755 Ona.
346 2690 395 2754 Ut
418 2690 511 2755 iners
535 2694 571 2755 et
594 2692 741 2771 ignavus
765 2692 865 2756 modo
889 2695 982 2756 astat
1006 2690 1170 2771 turpiter!

246 2806 309 2869 Abi
332 2809 488 2883 cruente,
515 2807 604 2871 haud
629 2808 752 2873 amodo
775 2824 938 2872 caesurus
962 2808 1013 2871 esl

239 2921 314 2988 Dm.
340 2921 416 2986 Nisi
439 2939 501 3003 ego
526 2923 679 2988 cecidero
702 2924 823 2988 caedet
846 2923 941 3003 ipsus
965 2923 1127 2988 carnifex.

115 3038 189 3101 325.
240 3036 351 3102 Vetus
375 3041 429 3102 est
453 3039 641 3117 paroemia:
678 3038 714 3103 Si
738 3042 871 3119 patrem
896 3056 961 3103 non
988 3038 1122 3118 audias

238 3152 323 3217 Post
346 3153 507 3218 vitricum
531 3154 711 3219 auditurus
734 3171 781 3218 es.
828 3154 931 3234 Quid,
956 3153 1029 3236 lilii,

239 3267 325 3348 Quid
351 3269 434 3331 milri
457 3269 600 3334 rebelles
625 3269 778 3350 improbe
801 3269 1010 3334 aversamini

239 3382 381 3448 Praeter
404 3400 517 3448 meam
541 3385 784 3460 eruditionem,
810 3385 970 3466 quicquid
994 3388 1049 3450 est

237 3498 506 3579 inhonestum,
531 3502 568 3565 et
591 3517 757 3580 aequum,
783 3504 818 3565 et
841 3501 924 3565 utile
949 3505 985 3564 et
1008 3499 1125 3579 piuml
1147 3516 1191 3563 an
1215 3498 1297 3562 nihil

115 3614 191 3678 330.
239 3613 311 3679 Vos
335 3615 463 3695 pudeat
487 3615 634 3680 horum?
659 3633 703 3680 an
729 3633 797 3681 non
821 3616 866 3680 dii
891 3616 1098 3680 ulciscantur
1121 3614 1231 3678 haec?

238 3728 419 3794 Similesne
444 3731 552 3795 vestri
577 3731 719 3796 cernitis
743 3732 872 3812 passim
896 3731 987 3795 cruci

238 3844 401 3910 Gladiove
426 3847 566 3912 adactos
590 3847 697 3911 emori
721 3847 945 3912 infoeliciter?

238 3960 460 4037 Descendite,
484 3963 587 4043 heus,
614 3963 827 4037 descendite,
854 3965 893 4026 ut
916 3963 1032 4042 peiora
1055 3978 1123 4026 non

237 4075 436 4141 Patiamini!
485 4077 583 4143 Sura.
611 4078 702 4158 Quas
727 4082 765 4143 tu
789 4095 925 4159 cruces,
950 4094 1103 4158 quosque
1128 4077 1257 4157 gladios

115 4191 190 4256 335.
238 4191 346 4257 Nobis
369 4209 486 4272 paras,
512 4194 727 4258 vanissime?
764 4193 854 4258 Hinc
877 4194 907 4258 si
930 4210 998 4258 non
1023 4193 1114 4271 abis,

238 4305 341 4370 Saxis
365 4309 425 4371 tuo
449 4307 544 4372 illisis
567 4310 707 4373 cerebro
730 4309 817 4373 hanc
841 4309 990 4389 plateam

239 4422 310 4486 'luo
334 4438 464 4486 cruore.
478 4425 681 4503 purpurabo.
729 4424 833 4488 Abito
858 4424 949 4488 dmn.

239 4536 328 4602 Drsc.
354 4538 460 4602 Hem!
485 4539 579 4603 Saxa
604 4539 744 4604 mittitis
767 4541 800 4603 in
827 4539 1056 4614 Didascalum
1083 4539 1178 4620 impii
1188 4543 1205 4601 ‘L’

239 4652 374 4718 Saxane
398 4654 637 4719 remittimus?
685 4656 758 4722 Dm.
785 4657 925 4729 Pacete,
951 4655 1126 4736 quiescite.
