3270 5310
823 363 887 428 136

301 555 432 611 fabulam
459 555 570 622 dispice
598 561 629 610 et
657 558 710 610 tuo
736 569 788 623 pro
813 555 920 610 iudicio
939 556 1069 612 tractita.
1090 556 1147 611 Ios.
1166 556 1219 612 376
1237 556 1312 611 Oum
1330 556 1480 612 ancillulis

301 653 371 721 quid
389 653 526 709 tractitet
543 653 712 708 exaudiam.

225 748 448 820 pertractatam·
473 780 508 789 -
530 750 619 804 metri
644 764 733 806 causa
759 764 810 818 pro
835 750 990 806 tractitara
1015 750 1089 805 Base
1110 750 1163 806 313
1180 749 1239 806 6116
1258 750 1479 818 pertractitans.

227 847 372 902 morarer
400 878 435 885 —
459 850 494 901 ut
519 847 596 914 apud
624 849 739 902 veteres
763 847 891 903 comicos
914 861 984 903 cum
1007 847 1156 902 adverbio.
1187 848 1240 903 16.
1265 847 1317 902 775
1341 847 1480 902 victitare

302 943 454 1010 splendide
479 944 533 998 972
559 945 594 999 16
618 943 743 998 delicate
765 944 887 999 victites
906 943 1229 1012 166666366116616
1248 944 1378 999 victitat.
1416 945 1480 998 Aut

299 1055 367 1097 cum
400 1040 539 1096 ablativo.
576 1042 628 1097 16.
660 1040 727 1096 1511
760 1040 888 1108 panibus
918 1041 1072 1096 abundant
1099 1042 1190 1110 atque
1217 1041 1293 1096 16616
1322 1041 1464 1096 victitant
1471 1058 1479 1108 ;

299 1139 368 1203 (nisi
394 1139 498 1194 tamen
521 1138 679 1206 legendum
697 1139 745 1193 661
764 1138 850 1205 iouh)
870 1138 939 1194 1686
959 1152 1033 1206 pane
1051 1139 1083 1192 et
1101 1139 1181 1194 unda
1199 1139 1336 1194 victitem
1355 1138 1426 1193 Reb.
1445 1139 1480 1192 20

298 1238 355 1291 6161
375 1235 484 1292 cibario
503 1236 555 1290 vix
578 1249 653 1303 pane
672 1235 814 1290 victitent
833 1236 926 1291 Andr.
940 1236 992 1290 750
1005 1236 1155 1291 relaturus
1167 1235 1267 1291 cibum
1280 1249 1338 1303 quo
1352 1235 1479 1290 victitet.

303 1333 385 1388 Bass.
415 1333 467 1388 160
495 1332 571 1387 61611
597 1335 645 1388 661
672 1333 753 1387 domi
782 1346 840 1401 quo
865 1333 1008 1388 victites?
1033 1333 1098 1388 166.
1124 1333 1159 1387 56
1185 1332 1253 1388 16116
1278 1332 1426 1387 victitare.
1446 1351 1477 1381 .-.

300 1443 423 1486 coenare
442 1430 523 1485 Bass.
544 1430 597 1485 223
616 1430 805 1497 0666666166
822 1431 870 1484 661
889 1430 992 1485 tamen
1012 1430 1102 1485 homo
1121 1430 1242 1498 quicum
1261 1429 1407 1484 victitem.

276 1553 545 1634 Frequentativa
561 1557 677 1618 tamen
694 1570 815 1634 saepe,
832 1556 871 1618 ut
887 1553 996 1618 multa
1012 1569 1098 1633 quae
1115 1569 1219 1633 supra
1235 1553 1478 1635 tractavimus,

233 1669 345 1749 qualia
377 1672 461 1734 sunt
495 1669 724 1748 deminutiva,
755 1668 873 1733 futura
904 1671 1045 1750 exacta,
1077 1668 1269 1750 imperativi
1300 1669 1332 1732 in
1368 1706 1413 1716 -
1444 1672 1479 1732 16

234 1787 403 1850 66666166
427 1787 531 1865 atque
550 1786 654 1849 etiarn
671 1785 887 1866 superlativi,
905 1785 1006 1849 metri
1024 1801 1128 1849 causa
1142 1783 1293 1848 adhiberi
1309 1784 1479 1849 videntur.

695 2124 904 2190 CAPUT
939 2124 1018 2190 XV.

257 2323 320 2400 De
350 2323 655 2423 declinatione,
684 2340 873 2422 genere,
901 2337 1101 2421 numero,
1129 2319 1456 2418 orthographia.

277 2530 447 2596 Nonnulla
481 2533 564 2595 sunt
598 2532 633 2593 in
669 2529 910 2609 declinatione,
946 2544 1086 2608 genere,
1120 2544 1262 2592 numero
1292 2527 1326 2590 in
1358 2527 1480 2606 quihus

231 2645 465 2727 Macropedius
489 2647 532 2709 ab
556 2645 761 2726 optimorum
785 2644 989 2725 scriptorum
1014 2661 1080 2710 usu
1100 2643 1252 2709 discedit.
1285 2641 1377 2707 Talia
1398 2647 1480 2706 sunt

231 2762 331 2828 haec:

202 2899 215 2922 *
264 2908 332 2962 166.
353 2920 509 2973 vesperem.
530 2907 614 2961 1661.
636 2905 704 2961 1164
724 2903 770 2959 Al.
789 2905 839 2967 95,
859 2903 952 2957 Andr.
973 2901 1024 2957 138
1042 2903 1097 2957 661.

267 3003 336 3058 Voc.
357 3003 566 3059 Ρ6116611616.
586 3003 656 3057 1165
676 3002 728 3055 Dee
747 3002 804 3056 166.
825 2999 895 3054 1415
912 3015 968 3054 enee
987 3000 1042 3054 Ad.
1062 2999 1141 3054 1625.

155 3134 174 3185 4
262 3101 364 3171 pluria
394 3101 577 3169 saepissime.
617 3100 680 3155 Abi.
712 3097 982 3166 comparativorum
1013 3097 1045 3151 in
1078 3127 1111 3134 -
1142 3097 1153 3150 i
1185 3097 1289 3165 priori,
1320 3096 1478 3165 superiori,

231 3198 340 3252 minori
358 3199 413 3253 661.

267 3296 325 3351 166.
344 3295 430 3363 epist.
449 3295 513 3350 ded.
532 3295 623 3350 ceteri.

266 3392 317 3448 hoc
335 3392 467 3448 66611661
485 3394 537 3446 16.
557 3391 635 3446 1772.
661 3391 770 3461 Vulpes
789 3403 880 3446 masc.
900 3389 970 3445 Reb.
989 3390 1033 3445 40.

534 3507 589 3581 Qui
608 3506 721 3561 nobiles
740 3506 815 3560 66116
834 3506 865 3559 61
883 3505 919 3559 ab
938 3504 999 3559 6116
1018 3502 1178 3571 ignobilem

535 3604 692 3671 Despicitis
711 3604 791 3658 hunc
810 3602 944 3670 vulgum.

267 3721 404 3785 (Sisenna
423 3721 455 3775 et
473 3721 566 3775 Varro
584 3735 631 3788 ap.
651 3720 781 3774 Nonium
802 3732 848 3785 pg.
868 3718 936 3782 230,
955 3717 1011 3784 27).

267 3818 367 3874 Proice
388 3819 467 3889 plur.
494 3821 546 3872 16.
571 3817 625 3871 085
644 3816 673 3870 id
693 3816 872 3871 Iamdudum
892 3815 1028 3883 experior
1046 3813 1122 3868 meis
1140 3813 1173 3867 in
1187 3811 1327 3883 prolibus.
1356 3811 1426 3866 Rab.
1444 3811 1481 3865 86

229 3915 362 3971 Pretium
389 3916 502 3971 curatio
531 3913 584 3969 190
611 3913 716 3983 Video,
745 3914 928 3981 praeceptor,
957 3911 1013 3966 has
1035 3910 1138 3982 proice.
1166 3910 1220 3964 406
1245 3908 1296 3964 1116
1320 3922 1389 3978 age,
1409 3909 1479 3977 quid

230 4014 332 4069 actum
348 4013 501 4084 prolibus?
530 4011 625 4066 Andr.
644 4011 696 4065 338
715 4010 786 4077 Quis
805 4010 922 4078 exilire,
942 4008 998 4063 nisi
1016 4007 1147 4079 prolibus
1167 4006 1351 4061 mendicitas.
1372 4004 1376 4010 '

271 4110 375 4165 Verber
393 4142 429 4149 -
448 4110 525 4178 sing.
544 4110 576 4164 in
595 4109 661 4165 Abi.
681 4109 812 4162 tantum.
833 4107 901 4162 Reli.
923 4105 983 4160 178.

231 4207 319 4263 11666.
337 4208 380 4263 Ut
398 4207 509 4276 absque
527 4208 637 4263 certem
656 4207 813 4260 doceamur
831 4205 988 4273 expetunt.

231 4305 315 4360 0666.
335 4305 405 4360 8166
423 4305 555 4359 verdae?
582 4303 746 4359 11666116.
770 4303 856 4357 0666.
875 4302 945 4356 Sine
964 4301 1094 4355 66666667
1114 4300 1202 4354 11666.
1223 4297 1344 4365 Absque
1361 4297 1480 4352 6666666

231 4402 315 4458 Onon.
335 4402 412 4466 Ohe,
431 4403 526 4458 Deum
545 4399 763 4468 immortalem,
784 4402 818 4454 ut
837 4401 883 4453 661
903 4399 1084 4453 stultissima

333 4501 467 4556 Materna
486 4514 586 4564 mens,
606 4499 691 4553 nobis
711 4499 813 4552 tamen
832 4499 868 4551 ut
886 4496 1055 4552 accomodal

265 4615 357 4671 Andr.
377 4615 429 4670 354
450 4616 587 4670 coactam
607 4613 724 4668 6666666.
