3270 5310
888 374 952 436 222

474 568 613 647 lamque
637 567 795 632 fortunae
820 567 998 631 videamus
1021 567 1126 647 ult-ro,

474 683 660 764 Prosperos
687 700 788 747 casus
812 683 943 747 ratione
967 699 1116 762 quanam

476 800 658 880 Temperet
681 800 789 864 tristis
812 800 964 878 facieque
988 799 1089 864 furva

723 915 841 980 llortis
865 915 985 996 imago,

343 1241 346 1247 .
478 1186 512 1252 Si
537 1186 658 1251 affluat
680 1186 831 1263 sructuS,
855 1186 1012 1267 geniture
1036 1203 1202 1268 opesque,

476 1304 611 1367 Aurum
635 1306 672 1367 et
694 1306 891 1385 argentum,
915 1302 1067 1383 preciosa
1091 1303 1217 1383 vestis,

474 1417 605 1484 Cuncta
628 1418 809 1496 linquenda
831 1417 916 1482 haec
940 1417 1038 1483 docet
1063 1418 1137 1498 ipsa.
1160 1419 1251 1483 nullu

717 1532 835 1598 llortis
857 1533 977 1613 imago

478 1805 631 1885 Amplias
655 1804 773 1881 uedeo,
799 1805 992 1884 coemisque
1016 1806 1157 1887 sundoS,

341 1974 346 1986 .
474 1921 623 1985 Foenere
647 1921 790 2001 acquiris
814 1921 943 1985 reditus
968 1922 1026 1985 tibi
1051 1923 1197 2003 amploS‚

472 2037 585 2117 Teque
610 2054 689 2100 mox
714 2041 847 2101 arctum
872 2038 987 2101 trahet
1010 2038 1052 2101 ad
1076 2038 1292 2118 sepulchrum

717 2152 835 2217 llortis
858 2154 979 2232 imago.

473 2424 507 2489 Si
532 2425 661 2489 ambias
684 2425 813 2502 losoeo,
839 2425 973 2505 titulos,
998 2425 1162 2505 honoreS‚

473 2539 585 2619 thue
610 2557 687 2604 cum
711 2557 835 2622 pompe
858 2540 1062 2605 dominando
1086 2541 1232 2621 praesto,

291 2697 297 2717 .
337 2710 342 2721 ,
469 2656 563 2720 Limo
586 2656 785 2721 calcandum
808 2660 948 2721 moneat
970 2658 1034 2721 sub
1058 2659 1134 2720 atro

714 2772 832 2836 Mortis
855 2773 976 2853 imago.

471 3041 573 3123 Sique
597 3042 732 3107 veneris
756 3060 815 3123 per
839 3044 926 3108 ovile
950 3043 1090 3121 Christi,
1116 3048 1156 3108 ut

470 3158 611 3223 Praesul
638 3161 700 3223 aut
722 3163 840 3239 pastor
862 3159 1040 3242 vocitem,
1065 3176 1200 3224 omnem

469 3273 637 3353 Suggeret
659 3273 788 3338 lustum
811 3276 875 3339 sub
898 3275 1002 3339 humo
1027 3275 1248 3355 premendum

714 3389 832 3454 Mortis
855 3391 975 3471 imago.

469 3651 569 3716 Forte
594 3655 628 3717 te
653 3653 787 3717 extollit
810 3653 942 3733 generis
966 3670 1131 3734 propage,

468 3768 565 3833 Clara
590 3772 627 3833 et
649 3768 789 3849 insignis
814 3769 921 3833 titulis
946 3769 1001 3833 vel
1023 3770 1144 3851 armis,

467 3886 518 3948 At
542 3900 641 3965 pares
666 3888 836 3949 monstrat
861 3885 991 3949 cineres
1015 3886 1048 3948 in
1073 3900 1159 3949 urna

712 4000 830 4065 Mortis
854 4001 974 4081 imago.

467 4263 684 4328 Erurlitorum
707 4264 767 4327 tibi
792 4264 862 4328 sors
886 4264 1011 4328 videris

466 4378 582 4461 Uiruo,
609 4383 670 4443 uut
693 4380 780 4443 alter
804 4380 972 4459 probitate
996 4396 1133 4458 censor,

465 4496 514 4558 Ar·
538 4512 655 4575 parem
677 4496 813 4559 indocto
837 4496 908 4560 lore
932 4499 967 4560 te
992 4496 1125 4560 docebit-

711 4611 828 4675 Mortis
852 4611 971 4691 imago.
