<?xml version="1.0" encoding="UTF-8"?>
<!DOCTYPE html PUBLIC "-//W3C//DTD XHTML 1.0 Transitional//EN"
    "http://www.w3.org/TR/xhtml1/DTD/xhtml1-transitional.dtd">
<html xmlns="http://www.w3.org/1999/xhtml" xml:lang="en" lang="en">
 <head>
  <title>
</title>
<meta http-equiv="Content-Type" content="text/html;charset=utf-8" />
  <meta name='ocr-system' content='tesseract 3.04.00' />
  <meta name='ocr-capabilities' content='ocr_page ocr_carea ocr_par ocr_line ocrx_word'/>
</head>
<body>
  <div class='ocr_page' id='page_1' title='image "./dedictionegeorg00macrgoog_0046.png"; bbox 0 0 3270 5310; ppageno 0'>
   <div class='ocr_carea' id='block_1_1' title="bbox 748 389 790 454">
    <p class='ocr_par' dir='ltr' id='par_1_1' title="bbox 748 389 790 454">
     <span class='ocr_line' id='line_1_1' title="bbox 748 389 790 454; baseline 0 0"><span class='ocrx_word' id='word_1_1' title='bbox 748 389 790 454; x_wconf 77' lang='lat'>27</span> 
     </span>
    </p>
   </div>
   <div class='ocr_carea' id='block_1_2' title="bbox 143 579 1395 4021">
    <p class='ocr_par' dir='ltr' id='par_1_2' title="bbox 143 579 1395 4021">
     <span class='ocr_line' id='line_1_2' title="bbox 145 579 1393 663; baseline -0.003 -17"><span class='ocrx_word' id='word_1_2' title='bbox 145 583 341 663; x_wconf 92' lang='lat' dir='ltr'>plerumque</span> <span class='ocrx_word' id='word_1_3' title='bbox 364 585 427 647; x_wconf 89' lang='lat' dir='ltr'>aut</span> <span class='ocrx_word' id='word_1_4' title='bbox 449 598 494 646; x_wconf 83' lang='lat' dir='ltr'>ex</span> <span class='ocrx_word' id='word_1_5' title='bbox 518 581 626 646; x_wconf 86' lang='lat' dir='ltr'>literis</span> <span class='ocrx_word' id='word_1_6' title='bbox 650 581 842 647; x_wconf 87' lang='lat' dir='ltr'>vernaculis</span> <span class='ocrx_word' id='word_1_7' title='bbox 865 581 1067 661; x_wconf 80' lang='lat' dir='ltr'><strong>sumebant,</strong></span> <span class='ocrx_word' id='word_1_8' title='bbox 1091 580 1265 644; x_wconf 91' lang='lat' dir='ltr'>interdum</span> <span class='ocrx_word' id='word_1_9' title='bbox 1289 579 1393 661; x_wconf 86' lang='lat' dir='ltr'>finge·</span> 
     </span>
     <span class='ocr_line' id='line_1_3' title="bbox 144 694 1393 779; baseline -0.004 -16"><span class='ocrx_word' id='word_1_10' title='bbox 144 699 229 763; x_wconf 90' lang='lat' dir='ltr'>bant</span> <span class='ocrx_word' id='word_1_11' title='bbox 268 697 349 779; x_wconf 92' lang='lat' dir='ltr'>ipsi,</span> <span class='ocrx_word' id='word_1_12' title='bbox 390 697 450 762; x_wconf 91' lang='lat' dir='ltr'>sed</span> <span class='ocrx_word' id='word_1_13' title='bbox 491 697 682 762; x_wconf 85' lang='lat' dir='ltr'>fabularum</span> <span class='ocrx_word' id='word_1_14' title='bbox 723 697 884 777; x_wconf 84' lang='lat' dir='ltr'>sormam,</span> <span class='ocrx_word' id='word_1_15' title='bbox 924 698 1065 761; x_wconf 89' lang='lat' dir='ltr'>actuum</span> <span class='ocrx_word' id='word_1_16' title='bbox 1099 694 1393 776; x_wconf 77' lang='lat' dir='ltr'>distributionem,</span> 
     </span>
     <span class='ocr_line' id='line_1_4' title="bbox 143 810 1394 896; baseline -0.003 -18"><span class='ocrx_word' id='word_1_17' title='bbox 143 829 346 878; x_wconf 81' lang='lat' dir='ltr'>scaenarum</span> <span class='ocrx_word' id='word_1_18' title='bbox 377 813 675 896; x_wconf 79' lang='lat' dir='ltr'>compositionem,</span> <span class='ocrx_word' id='word_1_19' title='bbox 705 829 870 878; x_wconf 86' lang='lat' dir='ltr'>versuum</span> <span class='ocrx_word' id='word_1_20' title='bbox 901 815 1014 878; x_wconf 91' lang='lat' dir='ltr'>metra</span> <span class='ocrx_word' id='word_1_21' title='bbox 1043 811 1085 876; x_wconf 92' lang='lat' dir='ltr'>ab</span> <span class='ocrx_word' id='word_1_22' title='bbox 1110 810 1259 890; x_wconf 89' lang='lat' dir='ltr'>antiquis</span> <span class='ocrx_word' id='word_1_23' title='bbox 1283 810 1394 891; x_wconf 90' lang='lat' dir='ltr'>poetis</span> 
     </span>
     <span class='ocr_line' id='line_1_5' title="bbox 145 925 1395 1010; baseline -0.003 -17"><span class='ocrx_word' id='word_1_24' title='bbox 145 930 293 993; x_wconf 89' lang='lat' dir='ltr'>mutuati</span> <span class='ocrx_word' id='word_1_25' title='bbox 316 933 409 994; x_wconf 89' lang='lat' dir='ltr'>sunt.</span> <span class='ocrx_word' id='word_1_26' title='bbox 456 928 706 1010; x_wconf 88' lang='lat' dir='ltr'>Macropedium</span> <span class='ocrx_word' id='word_1_27' title='bbox 730 945 864 1009; x_wconf 92' lang='lat' dir='ltr'>quoque</span> <span class='ocrx_word' id='word_1_28' title='bbox 887 927 1050 993; x_wconf 91' lang='lat' dir='ltr'>Plautum</span> <span class='ocrx_word' id='word_1_29' title='bbox 1072 944 1174 993; x_wconf 91' lang='lat' dir='ltr'>suum</span> <span class='ocrx_word' id='word_1_30' title='bbox 1197 925 1335 1008; x_wconf 86' lang='lat' dir='ltr'>penitus</span> <span class='ocrx_word' id='word_1_31' title='bbox 1357 928 1395 990; x_wconf 93' lang='lat' dir='ltr'>et</span> 
     </span>
     <span class='ocr_line' id='line_1_6' title="bbox 144 1040 1394 1125; baseline -0.002 -17"><span class='ocrx_word' id='word_1_32' title='bbox 144 1045 177 1108; x_wconf 92' lang='lat' dir='ltr'>iu</span> <span class='ocrx_word' id='word_1_33' title='bbox 209 1048 288 1109; x_wconf 90' lang='lat' dir='ltr'>cute</span> <span class='ocrx_word' id='word_1_34' title='bbox 319 1045 492 1125; x_wconf 86' lang='lat' dir='ltr'>cognitum</span> <span class='ocrx_word' id='word_1_35' title='bbox 515 1045 676 1109; x_wconf 89' lang='lat' dir='ltr'>habuisse</span> <span class='ocrx_word' id='word_1_36' title='bbox 700 1061 744 1109; x_wconf 89' lang='lat' dir='ltr'>ex</span> <span class='ocrx_word' id='word_1_37' title='bbox 768 1044 891 1109; x_wconf 86' lang='lat' dir='ltr'>fabulis</span> <span class='ocrx_word' id='word_1_38' title='bbox 914 1044 987 1108; x_wconf 90' lang='lat' dir='ltr'>eius</span> <span class='ocrx_word' id='word_1_39' title='bbox 1011 1044 1097 1108; x_wconf 89' lang='lat' dir='ltr'>satis</span> <span class='ocrx_word' id='word_1_40' title='bbox 1121 1045 1274 1123; x_wconf 89' lang='lat' dir='ltr'>apparet.</span> <span class='ocrx_word' id='word_1_41' title='bbox 1321 1040 1394 1106; x_wconf 88' lang='lat' dir='ltr'>Nec</span> 
     </span>
     <span class='ocr_line' id='line_1_7' title="bbox 144 1157 1393 1242; baseline -0.002 -19"><span class='ocrx_word' id='word_1_42' title='bbox 144 1164 261 1224; x_wconf 87' lang='lat' dir='ltr'>tamen</span> <span class='ocrx_word' id='word_1_43' title='bbox 295 1161 326 1225; x_wconf 94' lang='lat' dir='ltr'>ei</span> <span class='ocrx_word' id='word_1_44' title='bbox 361 1161 551 1226; x_wconf 89' lang='lat' dir='ltr'>verendum</span> <span class='ocrx_word' id='word_1_45' title='bbox 585 1160 651 1225; x_wconf 84' lang='lat' dir='ltr'>fuit</span> <span class='ocrx_word' id='word_1_46' title='bbox 686 1177 745 1242; x_wconf 92' lang='lat' dir='ltr'>ne,</span> <span class='ocrx_word' id='word_1_47' title='bbox 778 1160 867 1239; x_wconf 92' lang='lat' dir='ltr'>quod</span> <span class='ocrx_word' id='word_1_48' title='bbox 899 1158 986 1224; x_wconf 91' lang='lat' dir='ltr'>Divo</span> <span class='ocrx_word' id='word_1_49' title='bbox 1014 1158 1224 1240; x_wconf 88' lang='lat' dir='ltr'>Hieronymo</span> <span class='ocrx_word' id='word_1_50' title='bbox 1248 1157 1393 1222; x_wconf 90' lang='lat' dir='ltr'>Rufinus</span> 
     </span>
     <span class='ocr_line' id='line_1_8' title="bbox 145 1274 1394 1356; baseline 0 -19"><span class='ocrx_word' id='word_1_51' title='bbox 145 1275 366 1355; x_wconf 87' lang='lat' dir='ltr'>exprobravit</span> <span class='ocrx_word' id='word_1_52' title='bbox 387 1274 430 1356; x_wconf 80' lang='lat'>¹),</span> <span class='ocrx_word' id='word_1_53' title='bbox 460 1274 618 1340; x_wconf 86' lang='lat' dir='ltr'>Sectator</span> <span class='ocrx_word' id='word_1_54' title='bbox 640 1274 818 1341; x_wconf 76' lang='lat' dir='ltr'>Plautinae</span> <span class='ocrx_word' id='word_1_55' title='bbox 841 1275 1062 1354; x_wconf 79' lang='lat' dir='ltr'>Eloquentiae</span> <span class='ocrx_word' id='word_1_56' title='bbox 1086 1277 1287 1353; x_wconf 89' lang='lat' dir='ltr'>vocaretur;</span> <span class='ocrx_word' id='word_1_57' title='bbox 1312 1289 1394 1337; x_wconf 91' lang='lat' dir='ltr'>nam</span> 
     </span>
     <span class='ocr_line' id='line_1_9' title="bbox 144 1388 1393 1478; baseline 0 -26"><span class='ocrx_word' id='word_1_58' title='bbox 144 1389 172 1453; x_wconf 93' lang='lat' dir='ltr'>si</span> <span class='ocrx_word' id='word_1_59' title='bbox 202 1390 364 1455; x_wconf 92' lang='lat' dir='ltr'>nonnulla</span> <span class='ocrx_word' id='word_1_60' title='bbox 392 1407 413 1455; x_wconf 92' lang='lat' dir='ltr'>a</span> <span class='ocrx_word' id='word_1_61' title='bbox 441 1390 565 1456; x_wconf 91' lang='lat' dir='ltr'>Plauto</span> <span class='ocrx_word' id='word_1_62' title='bbox 588 1389 712 1478; x_wconf 90' lang='lat' dir='ltr'>(pauca</span> <span class='ocrx_word' id='word_1_63' title='bbox 735 1408 756 1455; x_wconf 92' lang='lat' dir='ltr'>a</span> <span class='ocrx_word' id='word_1_64' title='bbox 780 1390 954 1478; x_wconf 85' lang='lat' dir='ltr'>Terentio)</span> <span class='ocrx_word' id='word_1_65' title='bbox 977 1391 1140 1472; x_wconf 85' lang='lat' dir='ltr'>sumpsit,</span> <span class='ocrx_word' id='word_1_66' title='bbox 1167 1390 1202 1453; x_wconf 92' lang='lat' dir='ltr'>in</span> <span class='ocrx_word' id='word_1_67' title='bbox 1226 1388 1393 1470; x_wconf 89' lang='lat' dir='ltr'>plerisque</span> 
     </span>
     <span class='ocr_line' id='line_1_10' title="bbox 146 1503 1393 1588; baseline 0 -20"><span class='ocrx_word' id='word_1_68' title='bbox 146 1509 261 1569; x_wconf 89' lang='lat' dir='ltr'>tamen</span> <span class='ocrx_word' id='word_1_69' title='bbox 301 1506 399 1588; x_wconf 84' lang='lat' dir='ltr'>longe</span> <span class='ocrx_word' id='word_1_70' title='bbox 437 1507 480 1571; x_wconf 92' lang='lat' dir='ltr'>ab</span> <span class='ocrx_word' id='word_1_71' title='bbox 519 1523 560 1572; x_wconf 92' lang='lat' dir='ltr'>eo</span> <span class='ocrx_word' id='word_1_72' title='bbox 594 1506 716 1571; x_wconf 85' lang='lat' dir='ltr'>differt.</span> <span class='ocrx_word' id='word_1_73' title='bbox 771 1507 845 1571; x_wconf 91' lang='lat' dir='ltr'>lam</span> <span class='ocrx_word' id='word_1_74' title='bbox 878 1507 1026 1588; x_wconf 91' lang='lat' dir='ltr'>primum</span> <span class='ocrx_word' id='word_1_75' title='bbox 1060 1507 1095 1571; x_wconf 92' lang='lat' dir='ltr'>in</span> <span class='ocrx_word' id='word_1_76' title='bbox 1129 1506 1250 1570; x_wconf 90' lang='lat' dir='ltr'>metris</span> <span class='ocrx_word' id='word_1_77' title='bbox 1285 1503 1393 1569; x_wconf 91' lang='lat' dir='ltr'>multo</span> 
     </span>
     <span class='ocr_line' id='line_1_11' title="bbox 145 1619 1393 1705; baseline -0.001 -21"><span class='ocrx_word' id='word_1_78' title='bbox 145 1621 297 1686; x_wconf 89' lang='lat' dir='ltr'>severior</span> <span class='ocrx_word' id='word_1_79' title='bbox 336 1626 408 1705; x_wconf 89' lang='lat' dir='ltr'>est,</span> <span class='ocrx_word' id='word_1_80' title='bbox 448 1622 490 1687; x_wconf 91' lang='lat' dir='ltr'>de</span> <span class='ocrx_word' id='word_1_81' title='bbox 531 1639 597 1703; x_wconf 93' lang='lat' dir='ltr'>quo</span> <span class='ocrx_word' id='word_1_82' title='bbox 635 1623 708 1704; x_wconf 90' lang='lat' dir='ltr'>ipse</span> <span class='ocrx_word' id='word_1_83' title='bbox 742 1623 776 1687; x_wconf 93' lang='lat' dir='ltr'>in</span> <span class='ocrx_word' id='word_1_84' title='bbox 810 1622 1022 1704; x_wconf 86' lang='lat' dir='ltr'>praefatione</span> <span class='ocrx_word' id='word_1_85' title='bbox 1057 1621 1100 1686; x_wconf 92' lang='lat' dir='ltr'>ad</span> <span class='ocrx_word' id='word_1_86' title='bbox 1136 1621 1295 1686; x_wconf 85' lang='lat' dir='ltr'>Rebelles</span> <span class='ocrx_word' id='word_1_87' title='bbox 1330 1619 1393 1684; x_wconf 93' lang='lat' dir='ltr'>hoc</span> 
     </span>
     <span class='ocr_line' id='line_1_12' title="bbox 145 1736 1394 1821; baseline -0.002 -20"><span class='ocrx_word' id='word_1_88' title='bbox 145 1737 274 1801; x_wconf 81' lang='lat' dir='ltr'>scribit:</span> <span class='ocrx_word' id='word_1_89' title='bbox 313 1736 551 1821; x_wconf 74' lang='lat' dir='ltr'>,scripserunt</span> <span class='ocrx_word' id='word_1_90' title='bbox 583 1739 716 1803; x_wconf 91' lang='lat' dir='ltr'>interea</span> <span class='ocrx_word' id='word_1_91' title='bbox 750 1738 920 1819; x_wconf 89' lang='lat' dir='ltr'>nonnulli,</span> <span class='ocrx_word' id='word_1_92' title='bbox 956 1739 1078 1818; x_wconf 92' lang='lat' dir='ltr'>quibus</span> <span class='ocrx_word' id='word_1_93' title='bbox 1113 1754 1182 1802; x_wconf 90' lang='lat' dir='ltr'>non</span> <span class='ocrx_word' id='word_1_94' title='bbox 1216 1736 1394 1801; x_wconf 84' lang='lat' dir='ltr'>infeliciter</span> 
     </span>
     <span class='ocr_line' id='line_1_13' title="bbox 145 1851 1392 1936; baseline 0.001 -20"><span class='ocrx_word' id='word_1_95' title='bbox 145 1869 200 1916; x_wconf 89' lang='lat' dir='ltr'>res</span> <span class='ocrx_word' id='word_1_96' title='bbox 223 1851 344 1936; x_wconf 85' lang='lat' dir='ltr'>cessit,</span> <span class='ocrx_word' id='word_1_97' title='bbox 369 1853 424 1917; x_wconf 87' lang='lat' dir='ltr'>alii</span> <span class='ocrx_word' id='word_1_98' title='bbox 447 1854 607 1918; x_wconf 89' lang='lat' dir='ltr'>carminis</span> <span class='ocrx_word' id='word_1_99' title='bbox 629 1854 762 1918; x_wconf 88' lang='lat' dir='ltr'>iambici</span> <span class='ocrx_word' id='word_1_100' title='bbox 786 1854 915 1935; x_wconf 84' lang='lat' dir='ltr'>legibus</span> <span class='ocrx_word' id='word_1_101' title='bbox 938 1853 1145 1921; x_wconf 85' lang='lat' dir='ltr'>observatis.</span> <span class='ocrx_word' id='word_1_102' title='bbox 1170 1852 1225 1917; x_wconf 91' lang='lat' dir='ltr'>alii</span> <span class='ocrx_word' id='word_1_103' title='bbox 1244 1851 1392 1917; x_wconf 90' lang='lat' dir='ltr'>minime.</span> 
     </span>
     <span class='ocr_line' id='line_1_14' title="bbox 144 1967 1392 2050; baseline 0 -19"><span class='ocrx_word' id='word_1_104' title='bbox 144 1967 338 2033; x_wconf 87' lang='lat' dir='ltr'>Maluerunt</span> <span class='ocrx_word' id='word_1_105' title='bbox 371 1970 539 2050; x_wconf 91' lang='lat' dir='ltr'>siquidem</span> <span class='ocrx_word' id='word_1_106' title='bbox 573 1970 607 2034; x_wconf 93' lang='lat' dir='ltr'>hi</span> <span class='ocrx_word' id='word_1_107' title='bbox 642 1970 838 2036; x_wconf 88' lang='lat' dir='ltr'>Terentium</span> <span class='ocrx_word' id='word_1_108' title='bbox 869 1974 906 2035; x_wconf 91' lang='lat' dir='ltr'>et</span> <span class='ocrx_word' id='word_1_109' title='bbox 941 1969 1102 2035; x_wconf 91' lang='lat' dir='ltr'>Plautum</span> <span class='ocrx_word' id='word_1_110' title='bbox 1133 1969 1258 2033; x_wconf 85' lang='lat' dir='ltr'>imitari</span> <span class='ocrx_word' id='word_1_111' title='bbox 1290 1967 1392 2032; x_wconf 90' lang='lat' dir='ltr'>metri</span> 
     </span>
     <span class='ocr_line' id='line_1_15' title="bbox 146 2083 1393 2167; baseline 0 -21"><span class='ocrx_word' id='word_1_112' title='bbox 146 2083 249 2148; x_wconf 89' lang='lat' dir='ltr'>etiam</span> <span class='ocrx_word' id='word_1_113' title='bbox 280 2087 406 2150; x_wconf 80' lang='lat' dir='ltr'>exacta</span> <span class='ocrx_word' id='word_1_114' title='bbox 435 2086 566 2151; x_wconf 89' lang='lat' dir='ltr'>ratione</span> <span class='ocrx_word' id='word_1_115' title='bbox 594 2085 765 2167; x_wconf 86' lang='lat' dir='ltr'>neglecta,</span> <span class='ocrx_word' id='word_1_116' title='bbox 790 2086 941 2167; x_wconf 83' lang='lat' dir='ltr'>singulos</span> <span class='ocrx_word' id='word_1_117' title='bbox 963 2087 1071 2151; x_wconf 83' lang='lat' dir='ltr'>ferme</span> <span class='ocrx_word' id='word_1_118' title='bbox 1094 2085 1288 2165; x_wconf 86' lang='lat' dir='ltr'>aequalium</span> <span class='ocrx_word' id='word_1_119' title='bbox 1311 2086 1393 2148; x_wconf 91' lang='lat' dir='ltr'>tem-</span> 
     </span>
     <span class='ocr_line' id='line_1_16' title="bbox 146 2198 1394 2283; baseline -0.001 -19"><span class='ocrx_word' id='word_1_120' title='bbox 146 2215 266 2280; x_wconf 91' lang='lat' dir='ltr'>porum</span> <span class='ocrx_word' id='word_1_121' title='bbox 296 2218 376 2265; x_wconf 90' lang='lat' dir='ltr'>cum</span> <span class='ocrx_word' id='word_1_122' title='bbox 405 2202 517 2266; x_wconf 93' lang='lat' dir='ltr'>iambo</span> <span class='ocrx_word' id='word_1_123' title='bbox 548 2204 585 2266; x_wconf 90' lang='lat' dir='ltr'>et</span> <span class='ocrx_word' id='word_1_124' title='bbox 607 2202 780 2283; x_wconf 89' lang='lat' dir='ltr'>spondaeo</span> <span class='ocrx_word' id='word_1_125' title='bbox 802 2203 836 2267; x_wconf 90' lang='lat' dir='ltr'>iu</span> <span class='ocrx_word' id='word_1_126' title='bbox 860 2202 1011 2283; x_wconf 85' lang='lat' dir='ltr'>singulos</span> <span class='ocrx_word' id='word_1_127' title='bbox 1034 2200 1265 2266; x_wconf 83' lang='lat' dir='ltr'>indifferenter</span> <span class='ocrx_word' id='word_1_128' title='bbox 1289 2198 1394 2280; x_wconf 90' lang='lat' dir='ltr'>pedes</span> 
     </span>
     <span class='ocr_line' id='line_1_17' title="bbox 145 2300 1393 2399; baseline 0.001 -20"><span class='ocrx_word' id='word_1_129' title='bbox 145 2315 388 2396; x_wconf 82' lang='lat' dir='ltr'>admittentes,</span> <span class='ocrx_word' id='word_1_130' title='bbox 412 2334 514 2397; x_wconf 89' lang='lat' dir='ltr'>quam</span> <span class='ocrx_word' id='word_1_131' title='bbox 538 2300 692 2399; x_wconf 79' lang='lat' dir='ltr'>proxime</span> <span class='ocrx_word' id='word_1_132' title='bbox 717 2321 859 2399; x_wconf 86' lang='lat' dir='ltr'>possent</span> <span class='ocrx_word' id='word_1_133' title='bbox 881 2318 925 2382; x_wconf 91' lang='lat' dir='ltr'>ad</span> <span class='ocrx_word' id='word_1_134' title='bbox 948 2334 1085 2398; x_wconf 88' lang='lat' dir='ltr'>prosam</span> <span class='ocrx_word' id='word_1_135' title='bbox 1108 2317 1269 2381; x_wconf 85' lang='lat' dir='ltr'>accedere</span> <span class='ocrx_word' id='word_1_136' title='bbox 1290 2332 1393 2396; x_wconf 92' lang='lat' dir='ltr'>quam</span> 
     </span>
     <span class='ocr_line' id='line_1_18' title="bbox 145 2430 1389 2514; baseline 0.002 -20"><span class='ocrx_word' id='word_1_137' title='bbox 145 2430 338 2497; x_wconf 89' lang='lat' dir='ltr'>libertatern</span> <span class='ocrx_word' id='word_1_138' title='bbox 361 2436 472 2497; x_wconf 89' lang='lat' dir='ltr'>metro</span> <span class='ocrx_word' id='word_1_139' title='bbox 495 2433 674 2514; x_wconf 86' lang='lat' dir='ltr'>stringere.</span> <span class='ocrx_word' id='word_1_140' title='bbox 720 2434 759 2498; x_wconf 93' lang='lat' dir='ltr'>ld</span> <span class='ocrx_word' id='word_1_141' title='bbox 778 2434 869 2514; x_wconf 93' lang='lat' dir='ltr'>quod</span> <span class='ocrx_word' id='word_1_142' title='bbox 885 2433 1017 2498; x_wconf 92' lang='lat' dir='ltr'>etmihi</span> <span class='ocrx_word' id='word_1_143' title='bbox 1033 2433 1181 2514; x_wconf 90' lang='lat' dir='ltr'>primum</span> <span class='ocrx_word' id='word_1_144' title='bbox 1197 2432 1389 2497; x_wconf 86' lang='lat' dir='ltr'>faciendum</span> 
     </span>
     <span class='ocr_line' id='line_1_19' title="bbox 145 2547 1390 2630; baseline 0.003 -20"><span class='ocrx_word' id='word_1_145' title='bbox 145 2547 335 2611; x_wconf 88' lang='lat' dir='ltr'>arbitrabar</span> <span class='ocrx_word' id='word_1_146' title='bbox 362 2551 404 2612; x_wconf 89' lang='lat' dir='ltr'>ut</span> <span class='ocrx_word' id='word_1_147' title='bbox 433 2548 583 2630; x_wconf 90' lang='lat' dir='ltr'>plerique</span> <span class='ocrx_word' id='word_1_148' title='bbox 614 2549 860 2614; x_wconf 90' lang='lat' dir='ltr'>versiculorum</span> <span class='ocrx_word' id='word_1_149' title='bbox 891 2566 1046 2615; x_wconf 89' lang='lat' dir='ltr'>meorum</span> <span class='ocrx_word' id='word_1_150' title='bbox 1073 2552 1213 2630; x_wconf 90' lang='lat' dir='ltr'>propter</span> <span class='ocrx_word' id='word_1_151' title='bbox 1236 2566 1390 2614; x_wconf 90' lang='lat' dir='ltr'>rasuram</span> 
     </span>
     <span class='ocr_line' id='line_1_20' title="bbox 145 2662 1393 2746; baseline 0.003 -21"><span class='ocrx_word' id='word_1_152' title='bbox 145 2662 262 2727; x_wconf 91' lang='lat' dir='ltr'>durius</span> <span class='ocrx_word' id='word_1_153' title='bbox 292 2663 548 2730; x_wconf 87' lang='lat' dir='ltr'>cohaerentium</span> <span class='ocrx_word' id='word_1_154' title='bbox 579 2666 812 2732; x_wconf 90' lang='lat' dir='ltr'>testabuntur.</span> <span class='ocrx_word' id='word_1_155' title='bbox 859 2665 989 2730; x_wconf 90' lang='lat' dir='ltr'>Verum</span> <span class='ocrx_word' id='word_1_156' title='bbox 1021 2669 1061 2731; x_wconf 93' lang='lat' dir='ltr'>ut</span> <span class='ocrx_word' id='word_1_157' title='bbox 1090 2682 1229 2731; x_wconf 88' lang='lat' dir='ltr'>carmen</span> <span class='ocrx_word' id='word_1_158' title='bbox 1259 2682 1393 2746; x_wconf 88' lang='lat' dir='ltr'>respon-</span> 
     </span>
     <span class='ocr_line' id='line_1_21' title="bbox 145 2778 1391 2863; baseline 0.004 -22"><span class='ocrx_word' id='word_1_159' title='bbox 145 2778 242 2843; x_wconf 89' lang='lat' dir='ltr'>deret</span> <span class='ocrx_word' id='word_1_160' title='bbox 272 2781 464 2862; x_wconf 91' lang='lat' dir='ltr'>praeceptis</span> <span class='ocrx_word' id='word_1_161' title='bbox 494 2780 682 2846; x_wconf 85' lang='lat' dir='ltr'>scolasticis</span> <span class='ocrx_word' id='word_1_162' title='bbox 710 2785 747 2846; x_wconf 89' lang='lat' dir='ltr'>et</span> <span class='ocrx_word' id='word_1_163' title='bbox 769 2783 950 2863; x_wconf 89' lang='lat' dir='ltr'>iuventus,</span> <span class='ocrx_word' id='word_1_164' title='bbox 974 2782 1079 2847; x_wconf 88' lang='lat' dir='ltr'>sicubi</span> <span class='ocrx_word' id='word_1_165' title='bbox 1105 2798 1160 2846; x_wconf 90' lang='lat' dir='ltr'>res</span> <span class='ocrx_word' id='word_1_166' title='bbox 1184 2782 1391 2863; x_wconf 89' lang='lat' dir='ltr'>postularet,</span> 
     </span>
     <span class='ocr_line' id='line_1_22' title="bbox 145 2893 1393 2985; baseline 0.002 -27"><span class='ocrx_word' id='word_1_167' title='bbox 145 2893 353 2976; x_wconf 88' lang='lat' dir='ltr'>syllabarum</span> <span class='ocrx_word' id='word_1_168' title='bbox 384 2912 428 2960; x_wconf 84' lang='lat' dir='ltr'>ex</span> <span class='ocrx_word' id='word_1_169' title='bbox 455 2913 496 2961; x_wconf 91' lang='lat' dir='ltr'>eo</span> <span class='ocrx_word' id='word_1_170' title='bbox 520 2898 733 2977; x_wconf 89' lang='lat' dir='ltr'>quantitates</span> <span class='ocrx_word' id='word_1_171' title='bbox 749 2897 777 2985; x_wconf 86' lang='lat'>²)</span> <span class='ocrx_word' id='word_1_172' title='bbox 800 2901 1047 2979; x_wconf 86' lang='lat' dir='ltr'>aucuparetur,</span> <span class='ocrx_word' id='word_1_173' title='bbox 1070 2898 1254 2980; x_wconf 86' lang='lat' dir='ltr'>lyricorum</span> <span class='ocrx_word' id='word_1_174' title='bbox 1277 2897 1393 2962; x_wconf 88' lang='lat' dir='ltr'>carmi-</span> 
     </span>
     <span class='ocr_line' id='line_1_23' title="bbox 146 3009 1393 3094; baseline 0.004 -22"><span class='ocrx_word' id='word_1_175' title='bbox 146 3025 228 3073; x_wconf 90' lang='lat' dir='ltr'>nurn</span> <span class='ocrx_word' id='word_1_176' title='bbox 258 3009 388 3091; x_wconf 84' lang='lat' dir='ltr'>legibus</span> <span class='ocrx_word' id='word_1_177' title='bbox 414 3013 651 3094; x_wconf 86' lang='lat' dir='ltr'>obtemperare</span> <span class='ocrx_word' id='word_1_178' title='bbox 675 3014 792 3078; x_wconf 89' lang='lat' dir='ltr'>studui</span> <span class='ocrx_word' id='word_1_179' title='bbox 815 3013 974 3078; x_wconf 90' lang='lat' dir='ltr'>admissis</span> <span class='ocrx_word' id='word_1_180' title='bbox 998 3018 1115 3078; x_wconf 90' lang='lat' dir='ltr'>tamen</span> <span class='ocrx_word' id='word_1_181' title='bbox 1139 3014 1275 3078; x_wconf 90' lang='lat' dir='ltr'>interim</span> <span class='ocrx_word' id='word_1_182' title='bbox 1299 3028 1393 3077; x_wconf 90' lang='lat' dir='ltr'>more</span> 
     </span>
     <span class='ocr_line' id='line_1_24' title="bbox 146 3126 1393 3210; baseline 0.003 -21"><span class='ocrx_word' id='word_1_183' title='bbox 146 3126 272 3190; x_wconf 90' lang='lat' dir='ltr'>comico</span> <span class='ocrx_word' id='word_1_184' title='bbox 296 3127 471 3208; x_wconf 75' lang='lat' dir='ltr'>omnibuS,</span> <span class='ocrx_word' id='word_1_185' title='bbox 495 3145 582 3208; x_wconf 91' lang='lat' dir='ltr'>quae</span> <span class='ocrx_word' id='word_1_186' title='bbox 607 3129 648 3193; x_wconf 92' lang='lat' dir='ltr'>ad</span> <span class='ocrx_word' id='word_1_187' title='bbox 672 3130 760 3193; x_wconf 90' lang='lat' dir='ltr'>hanc</span> <span class='ocrx_word' id='word_1_188' title='bbox 781 3147 852 3194; x_wconf 90' lang='lat' dir='ltr'>rem</span> <span class='ocrx_word' id='word_1_189' title='bbox 869 3130 1058 3194; x_wconf 90' lang='lat' dir='ltr'>conducere</span> <span class='ocrx_word' id='word_1_190' title='bbox 1074 3132 1252 3210; x_wconf 88' lang='lat' dir='ltr'>poterant,</span> <span class='ocrx_word' id='word_1_191' title='bbox 1269 3144 1393 3209; x_wconf 92' lang='lat' dir='ltr'>nempe</span> 
     </span>
     <span class='ocr_line' id='line_1_25' title="bbox 146 3241 1394 3326; baseline 0.003 -22"><span class='ocrx_word' id='word_1_192' title='bbox 146 3241 380 3325; x_wconf 88' lang='lat' dir='ltr'>synaloephis,</span> <span class='ocrx_word' id='word_1_193' title='bbox 408 3244 696 3326; x_wconf 83' lang='lat' dir='ltr'>episynaloephis¹</span> <span class='ocrx_word' id='word_1_194' title='bbox 725 3245 941 3326; x_wconf 88' lang='lat' dir='ltr'>hellenismo,</span> <span class='ocrx_word' id='word_1_195' title='bbox 965 3245 1137 3326; x_wconf 87' lang='lat' dir='ltr'>ecthlipsi,</span> <span class='ocrx_word' id='word_1_196' title='bbox 1162 3245 1267 3309; x_wconf 90' lang='lat' dir='ltr'>etiam</span> <span class='ocrx_word' id='word_1_197' title='bbox 1289 3246 1394 3309; x_wconf 91' lang='lat' dir='ltr'>inter-</span> 
     </span>
     <span class='ocr_line' id='line_1_26' title="bbox 146 3357 1395 3446; baseline 0.002 -25"><span class='ocrx_word' id='word_1_198' title='bbox 146 3357 226 3422; x_wconf 93' lang='lat' dir='ltr'>dum</span> <span class='ocrx_word' id='word_1_199' title='bbox 249 3358 368 3423; x_wconf 91' lang='lat' dir='ltr'>literae</span> <span class='ocrx_word' id='word_1_200' title='bbox 392 3358 464 3446; x_wconf 57' lang='grc'><strong>113),</strong></span> <span class='ocrx_word' id='word_1_201' title='bbox 487 3364 591 3441; x_wconf 88' lang='lat' dir='ltr'>atque</span> <span class='ocrx_word' id='word_1_202' title='bbox 616 3362 678 3426; x_wconf 87' lang='lat' dir='ltr'>hoc</span> <span class='ocrx_word' id='word_1_203' title='bbox 701 3378 809 3442; x_wconf 85' lang='lat' dir='ltr'>genus</span> <span class='ocrx_word' id='word_1_204' title='bbox 833 3362 906 3426; x_wconf 89' lang='lat' dir='ltr'>aliis</span> <span class='ocrx_word' id='word_1_205' title='bbox 928 3361 1155 3426; x_wconf 86' lang='lat' dir='ltr'>adinventis.&#39;’</span> <span class='ocrx_word' id='word_1_206' title='bbox 1202 3361 1276 3426; x_wconf 92' lang='lat' dir='ltr'>Hoc</span> <span class='ocrx_word' id='word_1_207' title='bbox 1292 3360 1395 3425; x_wconf 86' lang='lat' dir='ltr'>efficit</span> 
     </span>
     <span class='ocr_line' id='line_1_27' title="bbox 146 3474 1394 3560; baseline 0.002 -23"><span class='ocrx_word' id='word_1_208' title='bbox 146 3475 186 3536; x_wconf 91' lang='lat' dir='ltr'>ut</span> <span class='ocrx_word' id='word_1_209' title='bbox 208 3491 332 3539; x_wconf 89' lang='lat' dir='ltr'>versus</span> <span class='ocrx_word' id='word_1_210' title='bbox 355 3474 557 3557; x_wconf 88' lang='lat' dir='ltr'>Macropedii</span> <span class='ocrx_word' id='word_1_211' title='bbox 579 3477 678 3558; x_wconf 84' lang='lat' dir='ltr'>longe</span> <span class='ocrx_word' id='word_1_212' title='bbox 698 3478 801 3542; x_wconf 89' lang='lat' dir='ltr'>aliurn</span> <span class='ocrx_word' id='word_1_213' title='bbox 821 3495 945 3543; x_wconf 91' lang='lat' dir='ltr'>sonum</span> <span class='ocrx_word' id='word_1_214' title='bbox 961 3482 997 3542; x_wconf 93' lang='lat' dir='ltr'>et</span> <span class='ocrx_word' id='word_1_215' title='bbox 1012 3481 1190 3560; x_wconf 89' lang='lat' dir='ltr'>aspectum</span> <span class='ocrx_word' id='word_1_216' title='bbox 1206 3478 1394 3559; x_wconf 89' lang='lat' dir='ltr'>praebeant</span> 
     </span>
     <span class='ocr_line' id='line_1_28' title="bbox 146 3588 1392 3672; baseline 0.002 -18"><span class='ocrx_word' id='word_1_217' title='bbox 146 3595 250 3670; x_wconf 88' lang='lat' dir='ltr'>atque</span> <span class='ocrx_word' id='word_1_218' title='bbox 281 3588 450 3672; x_wconf 91' lang='lat' dir='ltr'>Plautini;</span> <span class='ocrx_word' id='word_1_219' title='bbox 483 3592 560 3657; x_wconf 90' lang='lat' dir='ltr'>inde</span> <span class='ocrx_word' id='word_1_220' title='bbox 592 3595 696 3658; x_wconf 90' lang='lat' dir='ltr'>etiam</span> <span class='ocrx_word' id='word_1_221' title='bbox 727 3593 856 3658; x_wconf 85' lang='lat' dir='ltr'>sactum</span> <span class='ocrx_word' id='word_1_222' title='bbox 888 3597 943 3658; x_wconf 93' lang='lat' dir='ltr'>est</span> <span class='ocrx_word' id='word_1_223' title='bbox 975 3597 1014 3658; x_wconf 94' lang='lat' dir='ltr'>ut</span> <span class='ocrx_word' id='word_1_224' title='bbox 1045 3593 1173 3658; x_wconf 90' lang='lat' dir='ltr'>multae</span> <span class='ocrx_word' id='word_1_225' title='bbox 1204 3593 1392 3658; x_wconf 90' lang='lat' dir='ltr'>locutiones</span> 
     </span>
     <span class='ocr_line' id='line_1_29' title="bbox 146 3706 1392 3793; baseline 0.003 -24"><span class='ocrx_word' id='word_1_226' title='bbox 146 3722 232 3785; x_wconf 92' lang='lat' dir='ltr'>quae</span> <span class='ocrx_word' id='word_1_227' title='bbox 256 3706 346 3787; x_wconf 91' lang='lat' dir='ltr'>apud</span> <span class='ocrx_word' id='word_1_228' title='bbox 366 3706 528 3773; x_wconf 91' lang='lat' dir='ltr'>Plautum</span> <span class='ocrx_word' id='word_1_229' title='bbox 547 3709 675 3790; x_wconf 90' lang='lat' dir='ltr'>passim</span> <span class='ocrx_word' id='word_1_230' title='bbox 691 3710 929 3790; x_wconf 90' lang='lat' dir='ltr'>inveniuntur,</span> <span class='ocrx_word' id='word_1_231' title='bbox 947 3714 986 3773; x_wconf 92' lang='lat' dir='ltr'>ut</span> <span class='ocrx_word' id='word_1_232' title='bbox 1005 3710 1091 3793; x_wconf 90' lang='lat' dir='ltr'>„iam</span> <span class='ocrx_word' id='word_1_233' title='bbox 1108 3709 1244 3789; x_wconf 89' lang='lat' dir='ltr'>quidem</span> <span class='ocrx_word' id='word_1_234' title='bbox 1259 3708 1392 3773; x_wconf 88' lang='lat' dir='ltr'>hercle”</span> 
     </span>
     <span class='ocr_line' id='line_1_30' title="bbox 147 3821 1393 3903; baseline 0.004 -18"><span class='ocrx_word' id='word_1_235' title='bbox 147 3823 183 3885; x_wconf 89' lang='lat' dir='ltr'>et</span> <span class='ocrx_word' id='word_1_236' title='bbox 213 3821 298 3887; x_wconf 88' lang='lat' dir='ltr'>aliae</span> <span class='ocrx_word' id='word_1_237' title='bbox 327 3822 360 3886; x_wconf 93' lang='lat' dir='ltr'>id</span> <span class='ocrx_word' id='word_1_238' title='bbox 392 3840 500 3903; x_wconf 84' lang='lat' dir='ltr'>genus</span> <span class='ocrx_word' id='word_1_239' title='bbox 531 3828 648 3889; x_wconf 90' lang='lat' dir='ltr'>nostro</span> <span class='ocrx_word' id='word_1_240' title='bbox 681 3826 782 3889; x_wconf 90' lang='lat' dir='ltr'>metri</span> <span class='ocrx_word' id='word_1_241' title='bbox 811 3842 916 3891; x_wconf 88' lang='lat' dir='ltr'>causa</span> <span class='ocrx_word' id='word_1_242' title='bbox 948 3825 1109 3890; x_wconf 89' lang='lat' dir='ltr'>vitandae</span> <span class='ocrx_word' id='word_1_243' title='bbox 1137 3825 1273 3890; x_wconf 89' lang='lat' dir='ltr'>fuerint.</span> <span class='ocrx_word' id='word_1_244' title='bbox 1322 3824 1393 3890; x_wconf 89' lang='lat' dir='ltr'>Nec</span> 
     </span>
     <span class='ocr_line' id='line_1_31' title="bbox 146 3939 1393 4021; baseline 0.004 -21"><span class='ocrx_word' id='word_1_245' title='bbox 146 3941 218 4001; x_wconf 92' lang='lat' dir='ltr'>tam</span> <span class='ocrx_word' id='word_1_246' title='bbox 248 3942 413 4019; x_wconf 91' lang='lat' dir='ltr'>perpetuo</span> <span class='ocrx_word' id='word_1_247' title='bbox 443 3939 539 4004; x_wconf 92' lang='lat' dir='ltr'>lusus</span> <span class='ocrx_word' id='word_1_248' title='bbox 571 3941 753 4005; x_wconf 86' lang='lat' dir='ltr'>verborum</span> <span class='ocrx_word' id='word_1_249' title='bbox 780 3944 914 4021; x_wconf 87' lang='lat' dir='ltr'>captat,</span> <span class='ocrx_word' id='word_1_250' title='bbox 943 3956 1053 4021; x_wconf 91' lang='lat' dir='ltr'>neque</span> <span class='ocrx_word' id='word_1_251' title='bbox 1077 3941 1213 4005; x_wconf 91' lang='lat' dir='ltr'>omnino</span> <span class='ocrx_word' id='word_1_252' title='bbox 1237 3940 1393 4005; x_wconf 90' lang='lat' dir='ltr'>dictionis</span> 
     </span>
    </p>
   </div>
   <div class='ocr_carea' id='block_1_3' title="bbox 184 4261 427 4327">
    <p class='ocr_par' dir='ltr' id='par_1_3' title="bbox 184 4261 427 4327">
     <span class='ocr_line' id='line_1_32' title="bbox 184 4261 427 4327; baseline -0.008 -11"><span class='ocrx_word' id='word_1_253' title='bbox 184 4262 206 4327; x_wconf 86' lang='lat'>¹)</span> <span class='ocrx_word' id='word_1_254' title='bbox 225 4261 353 4316; x_wconf 88' lang='lat' dir='ltr'>Paraeus</span> <span class='ocrx_word' id='word_1_255' title='bbox 372 4262 390 4318; x_wconf 92' lang='lat' dir='ltr'>l.</span> <span class='ocrx_word' id='word_1_256' title='bbox 410 4263 427 4316; x_wconf 92' lang='lat' dir='ltr'>l.</span> 
     </span>
    </p>
   </div>
   <div class='ocr_carea' id='block_1_4' title="bbox 145 4358 1393 4699">
    <p class='ocr_par' dir='ltr' id='par_1_4' title="bbox 145 4358 1393 4518">
     <span class='ocr_line' id='line_1_33' title="bbox 183 4358 1393 4431; baseline 0.002 -19"><span class='ocrx_word' id='word_1_257' title='bbox 183 4359 205 4424; x_wconf 80' lang='lat'>²)</span> <span class='ocrx_word' id='word_1_258' title='bbox 225 4358 262 4412; x_wconf 83' lang='lat' dir='ltr'>M.</span> <span class='ocrx_word' id='word_1_259' title='bbox 281 4359 463 4427; x_wconf 86' lang='lat' dir='ltr'>syllabarum</span> <span class='ocrx_word' id='word_1_260' title='bbox 484 4361 670 4428; x_wconf 82' lang='lat' dir='ltr'>quantitates</span> <span class='ocrx_word' id='word_1_261' title='bbox 689 4362 764 4416; x_wconf 90' lang='lat' dir='ltr'>satis</span> <span class='ocrx_word' id='word_1_262' title='bbox 783 4362 942 4430; x_wconf 82' lang='lat' dir='ltr'>diligenter</span> <span class='ocrx_word' id='word_1_263' title='bbox 954 4366 1068 4431; x_wconf 76' lang='lat' dir='ltr'>seruat,</span> <span class='ocrx_word' id='word_1_264' title='bbox 1082 4376 1218 4417; x_wconf 76' lang='lat' dir='ltr'>caesurae</span> <span class='ocrx_word' id='word_1_265' title='bbox 1232 4376 1301 4416; x_wconf 84' lang='lat' dir='ltr'>voro</span> <span class='ocrx_word' id='word_1_266' title='bbox 1314 4360 1393 4428; x_wconf 81' lang='lat' dir='ltr'>leges</span> 
     </span>
     <span class='ocr_line' id='line_1_34' title="bbox 145 4446 1093 4518; baseline 0.005 -18"><span class='ocrx_word' id='word_1_267' title='bbox 145 4446 189 4500; x_wconf 89' lang='lat' dir='ltr'>ita</span> <span class='ocrx_word' id='word_1_268' title='bbox 209 4460 329 4513; x_wconf 88' lang='lat' dir='ltr'>prorsus</span> <span class='ocrx_word' id='word_1_269' title='bbox 349 4448 473 4516; x_wconf 80' lang='lat' dir='ltr'>negligit</span> <span class='ocrx_word' id='word_1_270' title='bbox 493 4452 596 4504; x_wconf 80' lang='lat' dir='ltr'>utens</span> <span class='ocrx_word' id='word_1_271' title='bbox 616 4464 652 4504; x_wconf 90' lang='lat' dir='ltr'>no</span> <span class='ocrx_word' id='word_1_272' title='bbox 672 4451 790 4504; x_wconf 74' lang='lat' dir='ltr'>nouisse</span> <span class='ocrx_word' id='word_1_273' title='bbox 810 4451 929 4518; x_wconf 88' lang='lat' dir='ltr'>quidem</span> <span class='ocrx_word' id='word_1_274' title='bbox 950 4451 1093 4506; x_wconf 86' lang='lat' dir='ltr'>videatur.</span> 
     </span>
    </p>

    <p class='ocr_par' dir='ltr' id='par_1_5' title="bbox 147 4534 1393 4699">
     <span class='ocr_line' id='line_1_35' title="bbox 183 4534 1393 4609; baseline 0.002 -20"><span class='ocrx_word' id='word_1_275' title='bbox 183 4536 205 4601; x_wconf 77' lang='lat'>²)</span> <span class='ocrx_word' id='word_1_276' title='bbox 224 4534 332 4591; x_wconf 84' lang='lat' dir='ltr'>Notavi</span> <span class='ocrx_word' id='word_1_277' title='bbox 362 4537 431 4592; x_wconf 86' lang='lat' dir='ltr'>has:</span> <span class='ocrx_word' id='word_1_278' title='bbox 460 4537 530 4593; x_wconf 87' lang='lat' dir='ltr'>Reb.</span> <span class='ocrx_word' id='word_1_279' title='bbox 559 4539 610 4593; x_wconf 80' lang='lat'>395</span> <span class='ocrx_word' id='word_1_280' title='bbox 639 4539 809 4606; x_wconf 79' lang='lat' dir='ltr'>proximust</span> <span class='ocrx_word' id='word_1_281' title='bbox 837 4540 1070 4595; x_wconf 70' lang='lat' dir='ltr'>tarsensium</span> <span class='ocrx_word' id='word_1_282' title='bbox 1089 4540 1219 4609; x_wconf 90' lang='lat' dir='ltr'>nullust,</span> <span class='ocrx_word' id='word_1_283' title='bbox 1237 4539 1291 4593; x_wconf 86' lang='lat'>883</span> <span class='ocrx_word' id='word_1_284' title='bbox 1309 4539 1393 4592; x_wconf 85' lang='lat' dir='ltr'>ronst</span> 
     </span>
     <span class='ocr_line' id='line_1_36' title="bbox 147 4624 1392 4699; baseline 0 -21"><span class='ocrx_word' id='word_1_285' title='bbox 147 4624 193 4678; x_wconf 83' lang='lat' dir='ltr'>Al.</span> <span class='ocrx_word' id='word_1_286' title='bbox 212 4624 262 4690; x_wconf 82' lang='grc'>92,</span> <span class='ocrx_word' id='word_1_287' title='bbox 282 4625 351 4681; x_wconf 93' lang='lat' dir='ltr'>Hec.</span> <span class='ocrx_word' id='word_1_288' title='bbox 371 4626 424 4682; x_wconf 78' lang='lat'>772</span> <span class='ocrx_word' id='word_1_289' title='bbox 443 4627 577 4692; x_wconf 85' lang='lat' dir='ltr'>obviust,</span> <span class='ocrx_word' id='word_1_290' title='bbox 596 4628 642 4683; x_wconf 83' lang='lat' dir='ltr'>Al.</span> <span class='ocrx_word' id='word_1_291' title='bbox 665 4629 728 4699; x_wconf 79' lang='lat'>159,</span> <span class='ocrx_word' id='word_1_292' title='bbox 748 4630 801 4685; x_wconf 78' lang='lat'>322</span> <span class='ocrx_word' id='word_1_293' title='bbox 820 4632 935 4695; x_wconf 78' lang='lat' dir='ltr'>merut,</span> <span class='ocrx_word' id='word_1_294' title='bbox 954 4631 1004 4684; x_wconf 77' lang='lat'>211</span> <span class='ocrx_word' id='word_1_295' title='bbox 1019 4629 1129 4685; x_wconf 87' lang='lat' dir='ltr'>clarust</span> <span class='ocrx_word' id='word_1_296' title='bbox 1143 4631 1194 4684; x_wconf 84' lang='lat'>421</span> <span class='ocrx_word' id='word_1_297' title='bbox 1208 4628 1325 4682; x_wconf 89' lang='lat' dir='ltr'>minust</span> <span class='ocrx_word' id='word_1_298' title='bbox 1337 4627 1392 4680; x_wconf 89' lang='lat' dir='ltr'>cet.</span> 
     </span>
    </p>
   </div>
   <div class='ocr_carea' id='block_1_5' title="bbox 0 0 1643 5310">
    <p class='ocr_par' dir='ltr' id='par_1_6' title="bbox 0 0 1643 5310">
     <span class='ocr_line' id='line_1_37' title="bbox 0 0 1643 5310; baseline 0 0"><span class='ocrx_word' id='word_1_299' title='bbox 0 0 1643 5310; x_wconf 95' lang='lat' dir='ltr'> </span> 
     </span>
    </p>
   </div>
  </div>
 </body>
</html>
