3270 5310
857 397 920 462 138

263 592 398 672 scriptis
430 594 549 655 contra
579 590 667 655 hanc
697 590 808 670 legem
832 593 1002 671 peccatur.
1046 590 1084 654 In
1109 591 1218 671 prima
1241 590 1388 655 editione
1412 591 1512 655 Asoti

263 708 423 787 leguntur
446 707 546 771 haec:

691 847 765 900 Avis
784 847 840 901 fere
860 847 1020 914 persimilis
1039 848 1086 902 est

691 943 819 997 Iuventa
839 943 950 997 lubrica
969 945 1000 997 et
1019 958 1103 1011 vaga.

308 1120 358 1184 lbi
391 1119 596 1201 Spenglerus
624 1119 813 1184 admonens
837 1119 1088 1201 Macropedium
1112 1119 1335 1200 captivorum
1358 1119 1469 1184 locum
1490 1120 1515 1205 ¹)

264 1236 392 1300 imitari
424 1236 507 1300 haec
537 1234 707 1315 adiungit:
747 1234 836 1318 „Das
864 1233 958 1313 serae
981 1235 1029 1299 ist
1052 1235 1106 1298 bei
1129 1235 1231 1300 Maer.
1256 1234 1428 1300 vielleicht
1451 1252 1514 1298 aus

264 1350 590 1416 Missverstandniss
621 1367 664 1414 zu
689 1350 761 1430 scre
791 1350 974 1430 geworden
984 1350 1014 1413 1”
1051 1349 1117 1415 Sed
1146 1350 1182 1413 in
1206 1349 1282 1414 aliis
1305 1349 1515 1415 editionibus

264 1467 354 1530 ferae
388 1465 529 1547 legitur,
566 1482 676 1545 neque
711 1483 805 1531 error
839 1465 1033 1530 huiusmodi
1069 1483 1183 1530 rerum
1214 1483 1317 1532 causa
1349 1469 1421 1547 est,
1454 1467 1513 1530 sed

265 1583 469 1661 scriptorum
493 1585 529 1647 et
553 1582 703 1646 maxime
727 1583 1018 1663 typographorum
1041 1581 1273 1669 negligentia).

300 1748 399 1803 Tertia
424 1747 536 1815 Regula
561 1748 645 1818 ,Non
669 1750 771 1804 minus
799 1764 816 1803 a
831 1763 904 1819 proc
922 1749 1061 1804 inchoata
1079 1748 1173 1804 latina
1191 1747 1282 1803 dictio
1301 1762 1391 1816 quam
1410 1763 1427 1802 a
1442 1763 1517 1818 prae

265 1846 430 1913 composita
458 1858 508 1911 per
529 1847 565 1898 ¹oe
588 1846 741 1900 scribenda
766 1846 813 1900 est
839 1846 873 1899 ut
892 1847 1015 1916 pracda,
1030 1845 1193 1916 praelium,
1208 1846 1342 1916 praeter,
1356 1846 1516 1916 aucupio.

209 1930 211 1934 ⁴
263 1943 420 2010 Excipitur
435 1956 544 2013 precox
564 1957 633 1996 cnm
647 1944 731 2020 suis,
748 1944 880 2013 precium
900 1957 968 1999 curn
988 1944 1065 2012 suis,
1085 1957 1187 2011 premo
1206 1945 1238 1997 et
1254 1943 1393 2013 prociae”.

301 2040 411 2094 Deinde
435 2040 620 2108 dipthongus
646 2055 678 2093 cc
701 2042 771 2094 ante
797 2055 901 2094 ornnes
922 2040 1023 2095 literas
1042 2041 1073 2094 in
1093 2041 1198 2108 primis
1216 2040 1248 2094 et
1267 2039 1373 2094 mediis
1392 2039 1517 2108 syllabis

266 2139 412 2192 tractetur
432 2137 504 2206 ,Per
523 2137 725 2192 describenda
745 2138 818 2191 sunt
836 2136 957 2206 Places,
979 2138 1153 2199 foecundus,
1174 2137 1243 2191 aedo
1262 2137 1387 2192 verbnm
1400 2151 1516 2205 compo·

266 2235 360 2289 situm
380 2235 415 2289 ut
434 2235 556 2301 volunt,
576 2235 687 2289 coelum
700 2235 863 2290 secundum
878 2235 1021 2302 quosdam
1035 2250 1052 2289 a
1065 2234 1141 2304 cele,
1153 2249 1205 2304 as,
1219 2233 1343 2301 cocleae,
1353 2234 1517 2302 diadnema,

266 2350 370 2389 vcwneo
398 2337 429 2390 et
454 2337 549 2390 vendo
575 2351 592 2388 a
616 2350 756 2405 vaenum,
777 2334 951 2404 Gaeorgius,
970 2335 1160 2404 pacometriia
1178 2349 1246 2391 oum
1266 2335 1333 2390 aliis
1351 2336 1377 2389 si
1396 2351 1414 2390 a
1432 2344 1515 2409 γαῖα,

270 2435 356 2492 Onera
375 2451 444 2491 cum
464 2438 553 2492 suis.”
892 2435 894 2441 '

302 2535 411 2589 Eodem
433 2535 519 2588 modo
539 2536 686 2590 tractatur
705 2536 911 2603 diphthongus
931 2537 1049 2590 ocante
1068 2549 1173 2589 omnes
1193 2534 1295 2590 literas
1315 2534 1388 2605 ,Per
1406 2549 1436 2588 oe
1449 2536 1517 2589 scri·

266 2632 361 2686 benda
383 2633 456 2686 sunt
475 2632 563 2698 foelix
582 2647 649 2687 cnm
670 2634 748 2702 suis,
765 2633 909 2697 foemina,
925 2647 1016 2702 poene
1034 2632 1221 2696 adverbium,
1241 2632 1314 2700 coepi
1333 2631 1517 2687 defectivum

267 2743 327 2783 non
346 2729 419 2795 coepi
439 2744 456 2781 a
475 2729 573 2797 copie,
595 2729 702 2783 batum
722 2744 774 2797 pro
794 2731 916 2784 morte.”

311 2895 350 2958 ln
374 2894 518 2974 Maerop.
544 2894 665 2960 fabulis
688 2896 750 2960 has
774 2896 969 2960 invenimus
992 2895 1196 2975 scripturas:

303 3076 335 3115 oe
361 3076 411 3129 pro
434 3078 461 3116 c:
482 3063 611 3127 Aedem,
630 3063 753 3131 haema,
774 3065 909 3132 raenari,
928 3064 1117 3127 veeneticus,
1137 3063 1305 3132 humaeris,
1324 3062 1452 3116 saemini
1473 3062 1518 3129 (in

268 3159 323 3213 Ies.
343 3158 438 3213 Schol.
458 3159 561 3213 tamen
582 3159 689 3227 ubique
707 3161 808 3224 edere).

303 3272 316 3310 e
342 3269 393 3322 pro
418 3271 464 3310 ac:
492 3257 660 3326 protexere,
687 3259 879 3327 preteritum,
905 3272 1039 3327 querere,
1066 3258 1229 3326 quantam,
1254 3256 1386 3325 questio,
1409 3270 1520 3325 queso,

267 3354 413 3421 desevire,
432 3354 510 3421 vite,
529 3353 642 3423 schole,
662 3369 718 3421 que
737 3374 768 3402 :
782 3369 857 3422 quae
870 3355 980 3422 (Adam
994 3354 1076 3422 1311)
1089 3368 1188 3422 preco,
1202 3366 1290 3422 pepe,
1304 3367 1392 3420 pene,
1405 3351 1520 3420 leserit,

269 3450 390 3517 prestat.
410 3450 447 3517 (l.
467 3449 494 3504 S.
514 3450 568 3504 958
587 3452 741 3518 quaestio).

303 3561 346 3600 oe:
366 3545 473 3613 foelix,
492 3547 651 3618 foelicitas,
672 3546 799 3603 foemina
820 3550 884 3604 lez.
907 3549 975 3604 1386
995 3550 1135 3604 coeteros.

304 3659 321 3711 p
347 3657 398 3711 pro
418 3643 442 3697 i:
461 3645 672 3711 consyderare,
693 3645 881 3713 desyderare,
900 3646 1069 3714 lachryme,
1088 3646 1289 3713 lachrymam,
1309 3657 1416 3711 ocyus,
1437 3657 1519 3712 ocys-

268 3741 358 3808 sime,
378 3740 519 3809 hymber,
539 3741 686 3809 inclytus,
706 3744 819 3810 stypes.
991 3807 995 3814 Ι

304 3852 355 3905 per
375 3837 394 3891 11
411 3839 596 3893 scribuntur:
616 3840 721 3908 isthic,
741 3840 864 3908 charus,
884 3840 1029 3908 charitate,
1049 3840 1170 3908 hulcus,
1189 3839 1312 3908 author,
1330 3838 1519 3908 authoritas,

268 3935 383 3998 schola,
402 3936 538 4004 schema,
557 3936 650 4005 scola,
669 3951 783 4007 scema,
797 3939 828 3992 et
840 3939 883 3992 sic
896 3938 997 3992 omnia
1011 3938 1082 3991 haec
1094 3937 1186 3992 etiam
1200 3937 1265 3991 sine
1279 3935 1519 3990 binveninntur.

300 4031 351 4102 ph.
371 4033 543 4088 invenimus
562 4034 593 4087 in
612 4034 703 4103 phas,
716 4035 901 4104 prophanus,
916 4035 1106 4104 phanaticuS,
1119 4034 1291 4102 nephanda;
1305 4033 1409 4087 tamen
1423 4032 1519 4087 etiam

269 4129 396 4183 nefanda
414 4131 470 4184 cet.

306 4243 319 4278 c
338 4226 383 4279 vel
404 4229 414 4279 t
433 4227 559 4281 habent:
580 4228 729 4297 spacium,
748 4229 860 4298 ocium,
880 4229 991 4298 setina,
1011 4228 1153 4297 nuncius,
1172 4226 1355 4282 sodalicium.

305 4337 324 4376 a
343 4337 394 4390 pro
412 4338 440 4377 e:
460 4323 596 4394 resarcio,
615 4325 767 4391 impartio.

271 4499 476 4508 ——-.—

314 4628 336 4693 ¹)
355 4597 436 4694 Capt.
457 4627 509 4682 116
528 4629 612 4684 Liber
631 4630 768 4697 captivus
788 4629 848 4684 cota
865 4630 942 4697 seue
960 4630 1125 4685 consimilis
1145 4631 1200 4684 est.
