3270 5310
802 426 867 490 215

207 621 269 674 549.
307 620 429 675 Locutio
449 618 640 687 proverbialis
658 618 693 673 ci.
712 618 799 687 epist.
818 619 861 673 65.
900 618 1016 689 „Etiam
1036 620 1061 673 si
1076 619 1174 686 ipsam
1187 618 1353 674 Fortunam
1366 620 1455 687 (quod

305 717 404 780 aiunt)
439 717 589 783 captivam
627 715 817 785 abduxisset,
853 730 913 771 non
950 717 1098 784 potuisset
1130 716 1201 770 haec
1232 716 1334 770 omnia
1364 716 1455 770 simul

306 814 483 868 corradere’'.

206 963 268 1017 612.
307 964 536 1031 pertusensem,
555 961 652 1017 feccrit
671 962 737 1016 vide
757 975 804 1029 pg.
823 962 866 1016 56.

205 1130 267 1185 630.
304 1128 346 1184 De
365 1127 475 1184 talibus
494 1128 629 1183 versibus
649 1129 715 1182 vide
735 1142 781 1196 pg.
803 1128 862 1182 106.

205 1278 266 1332 637.
302 1277 384 1332 niodo
401 1278 495 1348 perpia
514 1277 602 1332 -de
622 1277 788 1332 Indicativo
807 1276 843 1332 cf.
862 1276 960 1332 locum
980 1277 1101 1347 166161,
1121 1277 1276 1332 laudatum
1296 1290 1342 1344 pg.
1361 1277 1405 1331 80.

204 1429 265 1482 645.
302 1427 428 1482 11661666
454 1427 553 1482 domm
581 1429 621 1482 eal
648 1457 684 1465 —
711 1427 777 1481 6166
805 1426 918 1496 Βο666,
937 1427 1118 1482 introductio
1137 1426 1169 1481 lu
1189 1425 1322 1481 Rebelles
1341 1425 1401 1489 IX,
1423 1427 1452 1490 1;

364 1524 399 1579 cf.
428 1524 524 1579 Plaut.
553 1523 679 1579 Mostell.
707 1523 759 1578 891
789 1524 870 1578 Oculi
899 1523 1009 1578 dolent.
1037 1554 1073 1562 -
1100 1523 1180 1579 Cur?
1205 1554 1240 1561 -
1266 1522 1339 1592 Quia
1356 1521 1453 1589 sumas

365 1620 496 1676 etelectus
513 1623 560 1675 esi.

204 1772 266 1826 655.
302 1770 392 1825 miror
410 1770 485 1840 quod
503 1800 537 1808 -
557 1770 624 1825 6166
644 1784 690 1839 pg.
711 1770 754 1826 70.

202 1920 262 1974 656.
302 1919 518 1988 1166616166616
536 1919 651 1974 -scil
671 1919 767 1975 fustes
786 1921 821 1975 61.
840 1921 893 1975 672
913 1921 958 1975 661
979 1922 1106 1976 virentia
1125 1921 1247 1975 verbera
1265 1921 1299 1976 61.
1319 1921 1380 1974 586.

202 2069 262 2123 663.
295 2068 386 2139 poclis
405 2098 441 2106 —
459 2082 606 2137 syncopes
624 2069 762 2136 exempla
781 2071 859 2138 apud
880 2071 916 2124 11.
932 2071 1105 2124 invenimus
1118 2070 1193 2125 satis
1206 2069 1312 2124 multa.
1332 2070 1384 2123 As.
1398 2068 1451 2122 688

362 2165 449 2235 666166
467 2166 521 2220 865
535 2166 708 2236 6666661666
728 2168 797 2222 1555
816 2167 956 2232 66666666,
976 2167 1046 2222 Reb.
1066 2168 1119 2222 430
1136 2163 1452 2231 66116661659866616

360 2263 414 2317 834
441 2262 580 2333 spectacla
606 2263 660 2318 869
688 2263 820 2333 iuvenali,
851 2265 897 2319 Al.
920 2263 1133 2331 associasse
1151 2262 1281 2331 66116616,
1301 2263 1379 2318 Patr.
1398 2261 1451 2315 489

360 2359 496 2414 66616616
513 2359 567 2414 847
586 2360 716 2415 mumius
737 2362 805 2416 1113
823 2361 932 2431 616616,
953 2362 1047 2417 Andr.
1066 2361 1117 2415 271
1137 2359 1240 2431 periclo
1259 2359 1312 2414 628
1324 2361 1454 2429 reposta»

363 2455 420 2510 Ios.
448 2456 500 2511 566
527 2456 687 2527 minoium,
717 2459 786 2514 1440
808 2459 905 2529 66616,
934 2460 1031 2514 Adam
1060 2458 1110 2513 511
1140 2457 1233 2512 saecla
1258 2457 1312 2512 994
1340 2455 1451 2519 oracla,

361 2552 431 2608 Η66.
451 2552 485 2608 73
504 2554 591 2618 66166,
610 2552 688 2623 Hyp.
710 2556 761 2609 164
780 2555 948 2610 1666666616.

199 2701 260 2756 674.
297 2701 332 2757 cf.
352 2702 445 2757 Andr.
466 2703 517 2757 129
537 2703 584 2770 (de
603 2704 647 2758 ira
667 2706 782 2772 uxoris)
801 2705 925 2760 Tonitru
946 2705 1110 2760 imminens
1128 2705 1191 2771 1666
1210 2704 1347 2771 excipito.

197 2850 259 2906 704.
295 2851 424 2905 extimo
443 2851 479 2906 61.
499 2850 546 2905 ΑΙ.
566 2852 618 2907 286
638 2853 714 2920 Quin
734 2854 874 2909 Bromius
892 2856 1015 2909 66611167

198 3017 258 3072 715.
295 3018 380 3073 Prov.
401 3019 450 3088 23,
470 3019 519 3084 29,
539 3020 581 3075 30.
619 3019 670 3074 Oui
690 3022 767 3075 6667
785 3022 870 3077 66166
891 3023 968 3090 patri
989 3023 1065 3076 6667
1084 3022 1132 3077 661
1151 3022 1257 3076 rixae?
1278 3056 1445 3073 .......

295 3128 393 3169 nonne
421 3115 469 3169 his
489 3118 538 3184 qui
559 3118 783 3172 commorantur
801 3118 833 3171 in
853 3119 923 3173 vino
942 3120 973 3173 et
992 3119 1116 3172 student
1135 3117 1248 3186 poculis
1266 3115 1445 3184 epotandis?

196 3263 256 3318 753.
293 3263 560 3336 6616666661-
580 3266 646 3320 vide
666 3280 712 3334 pg.
732 3267 775 3320 82.

197 3412 257 3468 761.
295 3412 419 3482 comiter,
439 3413 577 3479 molliter,
597 3414 718 3470 dulciter
737 3446 771 3454 -
791 3417 849 3471 vid.
869 3431 915 3484 pg.
938 3419 996 3473 105.

195 3560 254 3617 766.
294 3560 367 3630 Quid
392 3561 452 3616 6611
470 3563 553 3617 erui?
572 3594 608 3602 —-
627 3565 792 3620 Puculiaria
812 3565 884 3620 haec
903 3568 1055 3621 structura
1073 3567 1228 3621 invenitur
1246 3566 1338 3620 etiam
1359 3566 1444 3619 Asot.

354 3663 407 3718 234
436 3664 509 3731 Quid
539 3665 604 3720 vult
624 3668 785 3723 alluatur?
805 3667 890 3721 Asot.
910 3667 977 3738 580,
997 3669 1089 3723 Andr.
1111 3668 1162 3723 707
1182 3668 1255 3735 Quid
1276 3667 1339 3723 volt
1357 3668 1443 3722 dari?

355 3765 426 3821 Reb.
453 3767 506 3820 522
534 3769 663 3822 curarier
692 3769 761 3836 quid
791 3768 878 3824 vult?
915 3769 968 3825 640
994 3769 1067 3837 Quid
1087 3769 1287 3825 6616616667
1325 3769 1371 3824 Al.
1392 3769 1444 3823 185

355 3863 426 3930 quid
445 3863 511 3918 6616
531 3864 601 3932 agi?

193 4007 254 4064 768.
292 4040 327 4047 -
344 4010 488 4077 salernum
516 4013 622 4068 viuum
650 4014 742 4068 etiam
773 4018 1025 4070 commemoratur
1045 4016 1137 4070 Andr.
1159 4014 1227 4070 1188
1245 4014 1326 4080 (1183
1345 4013 1442 4068 dulcia

353 4108 429 4162 mihi
460 4108 590 4163 Bibenda
615 4111 685 4164 vina
710 4112 848 4178 exotica).
885 4112 967 4166 Baes.
991 4112 1042 4168 196
1061 4113 1097 4167 Iu
1116 4126 1283 4180 aquamque
1302 4111 1440 4178 frigidam

354 4204 501 4259 falernum
522 4207 657 4274 mergito.

192 4352 260 4434 769.
292 4351 376 4407 661166
395 4368 515 4422 666666
534 4354 715 4412 homunculos
735 4359 855 4413 —vide
874 4372 921 4426 pg.
942 4361 1000 4414 116.

190 4499 251 4555 783.
290 4501 399 4572 stupido
417 4502 563 4573 stupidum
582 4535 616 4542 —
636 4505 702 4560 vide
722 4519 768 4574 pg.
789 4506 849 4561 103.

191 4648 253 4703 798.
290 4651 464 4705 666661116-
484 4652 541 4706 vid.
562 4667 608 4720 pg.
628 4655 671 4709 53.
