3270 5310
796 349 836 412 14

360 543 384 594 t.
422 539 553 596 Adiutus
570 538 749 596 infidelitate
766 540 901 596 croobori
920 542 952 595 et

423 637 525 692 larvis
545 651 668 692 suorum
688 636 848 693 liberorum
868 638 1027 694 Bacchicis.

421 733 612 789 sisinnum
632 733 668 788 ob
688 734 826 788 tenebras
845 734 962 790 tonitru
980 735 1012 790 et
1029 733 1161 802 fulgura,

420 832 555 886 Primum
576 830 723 886 Parsecho
742 845 856 886 sacram
875 831 912 886 ad
931 826 1034 887 aedem
1054 832 1174 900 territo,

422 928 496 984 Dein
515 927 658 983 creoboro
676 943 693 982 a
713 942 798 983 cruce
818 930 1013 997 persequente
1032 928 1152 985 Aerario

345 1028 387 1081 10.
424 1025 631 1094 Spectaculum
651 1024 877 1096 lepidissimum.
915 1025 987 1081 Post
1007 1024 1149 1083 Bassarus

421 1123 481 1178 Sua
499 1121 633 1190 singulos
651 1136 741 1178 coena
760 1121 859 1178 soluta
877 1122 999 1178 obsonia

424 1219 531 1288 Magno
549 1220 686 1274 omnium
705 1219 768 1274 risu
787 1232 920 1275 comesse
937 1219 1067 1276 disserit.

227 1370 377 1425 Numerus
397 1382 537 1423 versuum
560 1367 637 1423 1016.

229 1518 418 1574 Hecastus
458 1518 684 1586 llacropedii
723 1518 863 1573 Fabula
899 1532 971 1573 non
1003 1519 1129 1574 minus
1159 1519 1219 1587 pia
1251 1533 1363 1586 quam
1396 1521 1446 1574 iu·

189 1615 325 1685 cunda,
356 1614 395 1670 in
427 1630 496 1684 qua
529 1614 774 1670 facinorosus
805 1616 964 1684 quisque
995 1615 1215 1671 mortalium
1244 1614 1445 1671 subitaria

192 1714 313 1769 morte
333 1713 649 1782 praeoccupatus,
670 1714 849 1780 tanquam
870 1712 907 1766 in
927 1712 1083 1781 speculo
1102 1712 1259 1781 quodam
1278 1715 1446 1769 contem·

193 1811 297 1878 piare
333 1810 494 1879 poterit,
529 1809 838 1877 quemadmodum
875 1824 938 1879 per
971 1810 1166 1866 Christum
1198 1811 1283 1879 post
1313 1824 1445 1866 veram

192 1922 345 1963 suorum
365 1907 568 1962 criminum
589 1907 877 1975 poenitudinem
898 1908 940 1963 ad
960 1906 1444 1974 beatamadeoquslaetam

192 2007 351 2061 mortem
373 2005 583 2073 perveniat.

692 2144 922 2211 Argumentum.

405 2295 582 2350 Convivium
602 2293 657 2348 sibi
676 2295 767 2361 atque
785 2293 921 2348 anticulis
940 2293 1004 2348 suis

405 2391 568 2462 Opiparum
590 2391 735 2446 Hecastus
754 2403 901 2459 apparens
921 2389 1077 2458 pleuritide

407 2488 594 2557 Perceilitur,
613 2488 771 2556 subitoque
790 2489 858 2555 post
875 2487 1053 2554 gravissima

406 2585 521 2641 Scelere
539 2586 651 2640 citatur
668 2585 705 2640 ad
724 2599 899 2653 supremum
917 2584 1054 2639 iudicem.

344 2685 369 2738 b.
406 2683 539 2751 Cumque
557 2682 667 2736 anxius
686 2695 782 2750 neque
800 2680 944 2736 arniculos
963 2695 1059 2749 neque
1078 2680 1230 2749 proximos

407 2780 509 2847 Neque
528 2778 634 2833 liberos
653 2778 727 2834 lidos
746 2777 800 2832 sibi
820 2779 946 2833 comites
965 2781 1030 2832 viae

406 2875 588 2940 offenderet,
606 2875 770 2943 despondet
788 2876 932 2931 animum.
971 2874 1018 2930 Ad
1037 2873 1180 2929 ultimum

407 2973 528 3028 Virtute
547 2972 643 3027 fultus
660 2973 692 3027 st
711 2972 796 3036 Fide,
816 2974 884 3041 post
902 2970 1026 3027 sacrifici

406 3072 519 3127 Nonita
538 3071 646 3126 salutis
665 3071 791 3138 postque
811 3070 1026 3138 poenitentiam

328 3169 370 3223 10.
408 3169 555 3237 Vitaeque
572 3168 735 3223 restitutus
754 3168 801 3222 est
818 3170 850 3221 et
867 3167 992 3235 gratiae.

408 3265 482 3320 Dein
502 3266 599 3321 morte
618 3266 721 3320 sancta
741 3264 868 3333 spiritali
886 3264 994 3333 gaudio

406 3364 443 3420 Se
462 3363 560 3419 affecit
578 3365 610 3420 et
628 3379 713 3433 suos,
732 3363 894 3432 probosque
912 3362 1048 3418 reddidit.

230 3517 380 3571 Numerus
398 3528 541 3568 versuum
561 3513 732 3581 posterioris
751 3513 890 3567 editionis
909 3513 987 3566 2034.

229 3613 271 3668 De
290 3610 418 3667 Hecasto
438 3611 558 3677 scripsit
576 3608 702 3664 Heriord
721 3608 760 3664 l.l.
780 3625 826 3678 pg.
846 3609 896 3670 92,
917 3609 977 3663 159.

230 3709 266 3763 In
298 3709 518 3763 introductione
548 3707 584 3762 sd
615 3706 750 3762 Rebelles
780 3706 847 3763 ioh.
877 3704 961 3760 Bolte
990 3706 1093 3760 scribit
1120 3719 1152 3759 se
1179 3717 1289 3758 novam
1318 3703 1443 3761 Hemsti

192 3805 356 3860 editionem
382 3805 557 3860 iamdudum
584 3806 719 3872 paratam
746 3803 866 3873 habere;
886 3804 971 3858 cuius
992 3817 1132 3870 magnam
1152 3800 1282 3869 profecto
1301 3802 1444 3858 omnibus

191 3899 303 3967 quibus
322 3900 393 3955 haec
413 3901 511 3955 studia
530 3900 607 3955 cordi
629 3901 702 3955 sunt
720 3900 959 3968 expectationem
980 3900 1075 3954 movit
1094 3899 1140 3952 vir
1158 3897 1303 3965 egregius.

232 4051 397 4115 Lazarus
417 4050 620 4104 mendicus

692 4171 923 4239 Argumentum.

461 4296 642 4361 Laemargus
661 4295 766 4363 opibus
784 4295 911 4351 affluens
929 4297 1001 4351 dum
1021 4310 1150 4364 purpura

463 4393 616 4461 Byssoque
636 4393 735 4447 tectus
754 4392 906 4459 splendide
926 4392 1155 4448 cumfratribus

462 4489 500 4544 Et
517 4489 641 4545 delicate
661 4490 795 4558 victitat,
815 4504 868 4544 nec
887 4490 1024 4558 inopibus

461 4587 521 4642 Nec
541 4587 694 4643 hulceroso
714 4588 822 4642 lazaro
842 4588 1024 4655 (quanquam
1043 4586 1123 4641 fame
