3270 5310
853 379 896 443 48

284 570 341 623 los.
366 568 428 623 oia.
465 571 507 624 At
527 568 671 637 quidlibet
690 571 786 626 satius
806 571 883 640 pati,
903 585 992 639 quam
1013 585 1064 638 per
1083 574 1224 639 stuprum

461 665 628 731 Foodorier,
648 666 711 722 beri
732 681 848 735 quoque
866 667 1032 722 obtiviscar.

362 761 424 818 890.
764 765 852 832 Quasi
871 765 898 819 is
917 779 978 819 non
996 766 1105 820 audeat

461 859 622 929 Mendrion,
641 861 691 929 qui
712 862 791 916 haud
810 862 925 917 veritur
943 863 1137 918 moechoriert

290 1010 441 1096 (Tertius
464 1011 557 1076 loeus
580 1010 668 1075 inira
692 1012 862 1078 citabitur.
887 1012 935 1078 cf.
961 1014 1066 1078 etiam
1090 1013 1183 1080 Petr.
1210 1013 1304 1101 256).

291 1125 434 1191 Perraro
448 1126 608 1208 syllabae
631 1165 675 1174 —
694 1128 745 1190 ier
759 1127 887 1192 eadunt
902 1128 936 1191 in
953 1128 1075 1211 pedem
1091 1129 1232 1195 tertium
1248 1133 1310 1194 aut
1326 1131 1495 1210 quintum.

246 1241 410 1322 Exempla
433 1244 516 1306 sunt
538 1242 639 1322 haeo;
663 1243 698 1306 in
722 1244 807 1324 pede
831 1244 957 1309 tertio:

283 1409 375 1463 Andr.
394 1408 456 1463 837.
494 1409 603 1464 Cluso.
643 1410 790 1475 Profect0,
809 1411 970 1476 Andrisoa‚
989 1425 1051 1466 non
1070 1412 1124 1467 tibi
1144 1413 1287 1468 suadeam

496 1507 561 1562 Iam
580 1521 649 1562 cum
668 1507 732 1561 viro
751 1508 929 1563 contendere
947 1511 1001 1563 aut
1020 1509 1187 1577 confligere.

496 1606 595 1658 Anna.
633 1604 782 1675 Profecto,
801 1619 907 1675 caupo,
926 1606 1039 1661 audebo
1057 1608 1144 1661 tanto
1162 1606 1271 1662 fortius

495 1702 611 1755 Nedum
627 1702 648 1768 ¹)
666 1702 795 1765 renitor,
814 1702 865 1757 sed
886 1703 978 1757 etiam
998 1703 1148 1759 caestibus

495 1798 665 1867 confligere.

282 1891 350 1949 Heo.
378 1895 454 1949 1920.
493 1895 592 1963 Egone
611 1910 718 1963 queam
739 1897 864 1951 inducier
883 1899 919 1952 ut
938 1898 1016 1953 istuo
1034 1899 1183 1954 oreduam.

283 1993 464 2048 Asot.1299.

495 2090 633 2146 Vidimus
652 2106 702 2146 eas
721 2092 791 2147 huio
809 2093 904 2159 excipi
925 2093 1138 2160 perblanditer,

494 2186 657 2243 Affabulari
678 2188 813 2258 mollius,
832 2190 1011 2244 suavissime

495 2285 614 2354 Quoque
633 2285 796 2340 oscularier.
814 2317 850 2325 —
869 2287 930 2354 Quo
949 2286 1004 2342 loci
1024 2288 1184 2353 perductus
1202 2288 1273 2343 est?

290 2435 328 2498 ln
351 2434 436 2516 pede
461 2435 590 2515 quinte.

405 2604 461 2658 los.
481 2602 541 2658 585.
581 2605 642 2658 Nos
660 2605 782 2659 interim
803 2604 869 2659 vult
888 2604 1026 2659 mollirier
1045 2605 1125 2660 foris.

406 2703 489 2755 Asot.
511 2701 570 2756 786.
608 2701 749 2769 Nihilque
766 2703 799 2756 iu
819 2701 867 2756 his
886 2716 946 2757 non
966 2702 1166 2756 comminisoier
1185 2702 1263 2758 lieet.

289 2849 327 2914 In
352 2850 441 2915 thesi
465 2852 571 2917 Andr.
598 2852 675 2916 324.

387 2995 488 3047 Anna.
509 2993 574 3048 Abi.
610 2993 723 3048 duone.
752 2993 825 3048 Volo
845 3008 921 3049 uxor
939 2997 970 3048 ot
988 2994 1052 3061 ipse
1070 2994 1171 3048 vescier
1189 2996 1220 3048 et
1240 2993 1339 3049 cibum

386 3090 479 3157 Quem
497 3090 628 3146 deferam
648 3105 733 3146 servo
753 3091 898 3146 laboranti
918 3091 992 3145 mihi

385 3188 549 3257 Larqirier.

287 3339 326 3402 In
355 3338 543 3403 Octonariis
568 3339 610 3402 35
635 3328 866 3420 reperiuntur,
891 3343 928 3403 et
952 3339 1088 3418 quidem
1111 3339 1146 3402 in
1169 3338 1255 3420 pede
1279 3342 1403 3403 octavo
1430 3341 1489 3415 13,

243 3453 277 3517 in
301 3458 402 3519 sexto
427 3455 463 3530 7,
488 3455 523 3517 in
546 3457 668 3534 quarto
692 3456 730 3533 8,
756 3454 962 3520 insecundo
986 3456 1016 3518 3.
1065 3454 1129 3519 Hic
1152 3471 1286 3534 quoque
1302 3472 1439 3536 perraro
1456 3457 1492 3520 in

242 3569 427 3651 impan'bus
450 3571 608 3651 pedibus;
633 3570 739 3635 semel
762 3574 901 3635 tantum
923 3570 958 3634 in
982 3572 1145 3654 septimo,
1168 3571 1204 3634 in
1227 3571 1345 3651 quinto
1369 3574 1439 3654 ter,
1456 3572 1491 3636 in

241 3687 345 3751 tertio
368 3687 460 3752 nulla
482 3687 673 3752 huiusmodi
697 3689 807 3753 forma
829 3687 1011 3753 invenitur.
1060 3687 1241 3768 Exempla:

303 3831 355 3883 As.
375 3827 436 3883 886.
475 3829 651 3897 Praeterque
670 3829 797 3884 abusum
817 3828 870 3883 filii
889 3827 1030 3896 sarorio,
1050 3828 1229 3898 bocchorim,

474 3924 633 3981 Scortarier
653 3940 776 3993 quoque.

284 4023 340 4076 los.
362 4022 438 4076 1874.
477 4023 626 4078 Eduetum
646 4024 753 4090 Ioseph
773 4022 887 4090 publioo
908 4024 1061 4089 praeconio
1081 4037 1132 4091 per
1151 4022 1265 4090 plateas

476 4126 585 4180 Nostro
602 4125 717 4179 iubebis
736 4125 856 4179 nomine
876 4134 982 4199 Σωτῆρα
1003 4127 1100 4201 κόσμου
1119 4125 1217 4194 dicier,

480 4227 644 4283 Venerorier
658 4231 682 4295 ²)
700 4242 836 4296 genuque
856 4229 933 4282 ilexo
952 4229 988 4283 ab
1007 4229 1147 4284 omnibus
1166 4229 1322 4286 adeam

281 4520 301 4585 Ι)
319 4519 431 4574 Nedum
450 4534 502 4587 pro
522 4533 577 4573 non
596 4518 687 4573 solum
706 4533 806 4573 rarum
825 4519 903 4585 apud
923 4520 1047 4573 veteres.

278 4612 300 4672 ²)
325 4608 459 4663 Venerari
479 4621 555 4676 pass.
575 4621 636 4661 non
655 4607 714 4662 vidi
734 4607 812 4674 apud
828 4608 944 4661 veteres
950 4623 957 4674 ;
973 4621 1104 4661 venerare
1115 4608 1172 4661 aot.
1185 4606 1231 4661 bis
1243 4607 1321 4675 apud
1335 4605 1477 4663 Plautum
