3270 5310
799 400 840 463 10

194 595 228 657 in
252 593 304 657 his
328 594 348 656 5
372 592 565 657 comoediae
589 597 689 672 sunt,
716 594 733 655 7
759 608 846 670 «puae
865 591 928 655 illis
944 592 1154 672 temporibus
1170 591 1330 656 dramata
1345 607 1453 656 sacra

195 710 424 788 vocabantur,
460 724 666 786 quamquam
702 706 864 771 nonnulla
899 724 943 770 ox
978 707 1019 771 iis
1053 707 1182 771 comica
1215 707 1302 771 satis
1333 707 1451 771 multa

194 824 349 888 admixta
392 823 521 887 habent
549 822 582 910 ¹).
638 823 849 903 llaeropedio
893 827 1028 901 autem,
1069 822 1134 886 etsi
1170 821 1212 886 ad
1248 822 1452 887 comoedias

194 938 446 1021 componendas
480 939 554 1003 siue
590 938 690 1003 dubio
721 939 855 1019 ingenio
886 944 923 1002 et
952 938 1067 1004 studio
1101 938 1291 1019 ferebatur,
1325 942 1450 1005 tamen

193 1055 297 1119 etiam
321 1054 456 1118 scholae
481 1070 594 1118 mores
617 1058 653 1118 et
676 1054 837 1118 instituta
861 1071 981 1118 ansam
1005 1054 1173 1119 scribendi
1196 1054 1448 1135 praebuerunt.

195 1170 357 1235 Solebam
387 1171 477 1235 enim
501 1170 651 1251 discipuli
677 1170 785 1234 bisin
810 1187 916 1239 anno,
942 1170 1100 1235 semestri
1125 1186 1228 1235 cursu
1251 1183 1395 1251 peracto
1419 1170 1450 1245 ²)

193 1287 326 1351 l'abulas
367 1286 492 1350 latinas
533 1285 662 1366 publice
706 1303 824 1366 agere,
860 1286 949 1364 quod
984 1286 1186 1350 exercitium
1220 1285 1447 1351 utilissimum

193 1402 345 1465 iudicans
369 1400 603 1482 Macropedius
627 1401 660 1464 in
680 1402 869 1465 Andriscae
886 1401 1022 1482 prologo
1040 1401 1156 1465 laudat
1171 1405 1207 1467 et
1222 1402 1450 1466 commendat

194 1518 351 1583 versibus
373 1517 442 1581 his:
468 1516 651 1603 (Andrisca
676 1518 811 1601 8-51).

408 1763 491 1817 Inter
511 1764 571 1826 tot,
591 1764 728 1830 interque
746 1763 818 1816 aden
836 1763 1036 1829 discrepantia

408 1860 558 1915 Scholaria
575 1861 733 1923 exercitia,
753 1861 870 1916 nullum
891 1864 938 1925 (ut
956 1862 1103 1927 arbitror).

328 1957 369 2011 lb.
407 1957 567 2012 Maioribus
586 1957 660 2011 mihi
681 1959 919 2026 prosequendum
939 1957 1092 2027 laudibus,

408 2056 501 2120 Quam
522 2054 674 2109 emericus
694 2054 782 2109 ludus
800 2055 899 2121 (modo
918 2054 998 2109 absit
1016 2055 1155 2121 foeditas)

407 2153 561 2219 Actusque
579 2152 717 2207 comicus.
756 2152 815 2206 Alii
836 2165 940 2206 versus
959 2153 1084 2221 canant,

407 2248 1077 2317 Affilfflmdmnmmmcoemommmm,

407 2346 466 2402 Alii
485 2346 565 2401 aliud
584 2346 761 2401 exercitium
783 2345 944 2401 honestum
965 2347 1136 2409 tractitent‚

327 2446 368 2497 15.
405 2445 562 2499 Comoedia
581 2458 641 2499 una
660 2444 744 2498 facile
764 2445 898 2512 praestat
916 2444 1065 2500 omnibus.

406 2542 435 2596 Si
456 2553 575 2596 carmen
594 2541 720 2610 arridet,
739 2554 774 2595 ea
793 2555 881 2595 versu
899 2540 1009 2596 labitur
1015 2559 1023 2610 ;

407 2639 437 2692 Si
457 2651 558 2705 prosa,
577 2639 673 2692 totius
692 2639 735 2692 ita
754 2637 871 2693 iambus
890 2640 1032 2694 carminis

406 2733 1024 2803 .Mmmmmmrmasmmaqumae

406 2831 547 2887 Oratione
566 2833 663 2887 metro
682 2832 804 2901 ligatam
825 2848 953 2889 cernere.

327 2930 370 2984 20.
408 2929 488 2984 Haec
506 2929 679 2984 schaemata
698 2932 895 2996 grammatica
915 2934 1075 2999 troposque
1093 2934 1245 3001 suggerit,

406 3026 486 3081 Haec
505 3026 618 3081 rhetori
637 3027 832 3082 administrat
850 3043 934 3082 arma
952 3028 1130 3098 affectuum,

407 3124 487 3179 Haec
505 3125 664 3179 disserenti
684 3124 770 3179 offert
789 3124 867 3179 locos
886 3125 1047 3183 dialectico.

406 3221 480 3287 Quid
500 3221 553 3276 tibi
574 3222 653 3287 parit
673 3224 814 3277 maiorem
835 3224 871 3276 ad
892 3223 1030 3278 homiues
1048 3226 1201 3292 gratiam?

408 3319 481 3384 Quid
500 3333 594 3385 aeque
613 3318 746 3373 moribus
765 3320 853 3373 ornat
871 3321 1125 3375 adolescentiam?

326 3415 1209 3483 ablmmqmmemnmsmmmmmnmmmmmw

407 3512 483 3567 Nam
503 3513 528 3566 si
548 3514 579 3567 in
599 3527 633 3566 oa
651 3514 765 3580 agenda
785 3515 950 3569 exercearis
969 3515 1085 3583 sedulo,

407 3611 521 3677 Lingua
540 3611 655 3664 auferes
674 3611 873 3679 stribliginem
893 3627 926 3667 ac
945 3613 1131 3682 rubiginem,

406 3709 1226 3779 Qfflmmmmmmmmmmmfflwt

406 3807 510 3860 iliram
532 3807 670 3873 loquendi
690 3809 720 3862 in
739 3808 930 3862 centonibus
950 3808 1046 3877 palam

231 4071 250 4128 ¹)
269 4066 340 4120 l’ius
359 4067 476 4129 lucullus
496 4072 580 4122 rorat
600 4086 649 4120 nus
669 4069 699 4121 iu
721 4070 901 4135 praelatione
924 4072 1030 4124 lazari.

229 4164 251 4207 ²)
271 4154 412 4208 andrina
435 4157 447 4208 l
469 4170 532 4223 sqq.

423 4266 573 4316 sorra-stre
593 4264 651 4317 lalll
672 4264 731 4317 sel'u
750 4274 797 4318 cst
817 4268 893 4332 dard
912 4267 943 4320 in
966 4268 1123 4333 parmenio.

426 4351 523 4417 Neque
544 4366 591 4405 ure
611 4353 745 4420 mildam,
766 4368 817 4407 ner·
839 4355 1018 4409 lustr-ionum
1040 4358 1209 4423 quenulam

425 4439 558 4494 Vidistis.

227 4544 262 4597 ln
283 4544 397 4598 inassati
419 4546 535 4612 prologo
554 4547 720 4613 explicatur
740 4550 788 4615 qui
811 4552 861 4603 liat
882 4555 915 4604 nt
935 4552 1087 4606 ‹laude-rim
1111 4567 1228 4606 umuses
1248 4553 1311 4606 sint
1329 4568 1444 4621 exque

191 4642 254 4685 utria
277 4635 314 4687 sit
336 4635 493 4687 rurruoodia.
