3270 5310
756 374 776 439 3

141 571 235 636 Petri
259 569 403 650 Hispani
428 568 645 633 Dialecticam
672 572 708 633 et
731 567 925 633 Doctrinale
949 584 1132 648 puerorum
1148 567 1335 632 Alexandri
1352 568 1393 632 de

141 687 230 751 Villa
269 685 329 749 Dei
354 684 387 773 Ι).
443 683 537 764 Quae
572 688 614 748 ut
648 699 789 764 prorsus
824 683 1042 748 abolerentur
1075 685 1111 748 et
1146 684 1338 749 eicerentur
1374 700 1392 747 e

140 802 265 867 scholis
296 817 387 866 nova
419 804 455 865 et
486 799 626 864 meliora
657 798 906 881 suppeditanda
939 802 1039 863 erant
1062 799 1183 878 quibus
1207 799 1333 862 artium
1358 801 1394 862 et

142 919 317 983 literarum
344 919 527 996 praecepta
550 915 701 979 breviter
725 917 761 978 et
785 914 928 979 dilucide
952 917 1215 995 exponerentur.
1263 914 1301 978 In
1327 931 1394 994 quo

143 1050 267 1113 genere
300 1032 447 1096 multum
475 1031 600 1095 laboris
632 1033 923 1111 consumpserunt
953 1032 988 1093 et
1018 1030 1145 1112 optime
1174 1029 1215 1094 de
1239 1030 1395 1094 studiosa

143 1147 324 1210 iuventute
368 1144 479 1207 meriti
521 1146 605 1208 sunt
647 1142 811 1223 imprimis
853 1142 992 1207 Fratres
1036 1142 1234 1209 Communis
1274 1145 1394 1223 Vitae,

143 1261 292 1342 Hegius,
326 1259 475 1339 Sintius,
509 1258 750 1339 Tonantium,
784 1257 1047 1340 Despauterius‚
1080 1258 1306 1341 Murmellius‚
1330 1262 1394 1326 alii.

145 1377 378 1457 Macropedius
419 1392 552 1456 quoque
588 1374 772 1455 compluria
807 1375 944 1456 scripsit
978 1374 1140 1456 opuscula
1174 1375 1395 1455 scholastica,

144 1510 288 1572 quorum
317 1491 438 1556 titulos
461 1495 498 1555 et
522 1490 635 1555 varias
660 1490 826 1555 editiones
849 1490 967 1555 sedulo
990 1491 1212 1571 investigavit
1237 1495 1273 1556 et
1297 1508 1396 1556 accu-

145 1612 219 1673 rate
251 1607 469 1672 enumeravit
500 1607 630 1688 Jacoby
651 1605 687 1692 ²).
735 1605 809 1670 Hoc
840 1606 912 1670 loco
937 1622 1055 1670 eorum
1078 1624 1164 1686 quos
1186 1607 1250 1688 legi
1277 1607 1395 1671 titulos

145 1725 336 1789 adscribam
360 1725 396 1787 et
420 1740 465 1787 ex
489 1721 630 1802 singulis
655 1738 764 1801 pauca
787 1738 875 1800 quae
898 1726 1090 1786 memoratu
1115 1723 1216 1802 digna
1234 1722 1396 1788 videntur

145 1840 293 1904 delibata
316 1838 530 1918 subiungam.

182 2006 407 2063 Graecarum
440 2005 746 2060 institutionum
776 2004 1006 2059 Rudimenta
1034 2003 1328 2072 Hieronymiani
1359 2006 1395 2059 in

146 2105 323 2160 'traiecto
350 2103 544 2171 gymnasii
571 2101 804 2169 Tyrunculis
824 2115 887 2169 per
906 2100 1068 2156 Tabulas
1087 2102 1396 2170 compendiosius

146 2201 348 2269 aliquanto
376 2215 484 2268 quam
514 2200 603 2254 ante
632 2199 892 2266 perstrictap,
921 2200 1055 2253 autore
1083 2198 1244 2267 Georgia
1266 2200 1395 2255 Macro·

148 2299 270 2367 pedio,
289 2299 458 2353 eiusdem
477 2297 671 2365 gymnasii
689 2296 1007 2351 archididascalo.

648 2427 901 2496 Sylvaeducis

220 2528 326 2596 Apud
346 2527 525 2581 Ioannem
545 2523 791 2593 Shoefferum,
810 2524 882 2580 Sub
903 2525 1138 2593 intersignio
1158 2525 1336 2582 Missalis.

327 2627 434 2679 Anno
453 2624 496 2678 ab
516 2624 671 2677 humani
691 2623 846 2690 generis
866 2622 1157 2677 instauratione
1177 2623 1254 2677 1544.

186 2774 231 2828 Ex
259 2772 455 2842 praefatione:
485 2771 574 2842 ,Cum
604 2772 730 2827 subinde
759 2772 949 2826 monuissent
977 2785 1040 2840 me,
1068 2785 1141 2840 puer
1168 2772 1316 2837 studiose,
1340 2788 1400 2828 uon

149 2871 306 2926 mediocris
323 2870 500 2924 eruditionis
519 2870 550 2923 et
570 2869 745 2937 prudentiae
764 2869 835 2937 viri,
855 2868 915 2923 ludi
933 2869 1028 2923 nostri
1042 2868 1165 2923 literarii
1180 2870 1401 2940 praeceptores,

150 2969 268 3036 linguae
286 2981 408 3035 graecae
428 2967 623 3035 Rudimenta,
637 2980 711 3033 quae
725 2967 797 3020 ante
811 2966 1049 3034 quinquennium
1064 2964 1161 3032 praelo
1174 2967 1402 3032 mandaveram,

151 3066 327 3133 quibusdam
357 3065 389 3118 in
417 3064 490 3118 locis
518 3062 677 3131 prolixiora
705 3076 771 3117 esse
798 3063 830 3116 et
857 3063 963 3117 altiora
992 3077 1082 3130 quam
1102 3076 1177 3131 quae
1196 3065 1351 3118 commode
1369 3065 1400 3118 iu

150 3164 289 3218 semestri
319 3162 401 3216 horis
429 3162 592 3216 dumtaxat
620 3161 775 3215 succisivis
796 3161 887 3215 anta
906 3160 1144 3228 praeceptoribus
1163 3161 1293 3215 enarrari
1312 3163 1367 3215 aut
1384 3176 1402 3215 a

150 3259 320 3328 tyrunculis
344 3258 526 3327 apprehendi
552 3258 688 3327 possent,
714 3257 870 3325 plaeraque
890 3261 938 3321 (ne
958 3257 1038 3311 solus
1058 3258 1132 3311 mihi
1153 3270 1255 3324 sapere
1274 3258 1401 3325 viderer)

151 3358 290 3425 quamvis
324 3370 385 3411 non
416 3355 536 3410 inutilia
568 3355 670 3409 minus
701 3356 804 3409 tamen
833 3355 1045 3421 insipientibus
1072 3368 1126 3408 seu
1153 3355 1276 3409 rudibus
1305 3370 1401 3410 neces·

151 3456 244 3518 saria,
263 3454 387 3508 ade1ni”.

187 3552 335 3618 Perpauca
356 3551 477 3604 tantum
498 3548 633 3603 continet
652 3547 768 3602 libellus
787 3549 877 3616 digna
897 3562 972 3616 quae
984 3548 1199 3604 adscribantur.
1219 3548 1260 3603 Da
1274 3562 1403 3617 pronun·

152 3649 278 3702 tiatione
305 3646 416 3701 vocalis
443 3646 472 3700 H
501 3646 554 3700 hoc
583 3646 706 3701 dicitur:
736 3645 781 3714 ,H
801 3645 898 3699 faciti
920 3645 1043 3712 longum
1062 3645 1140 3712 apud
1159 3644 1285 3700 Graecos
1306 3646 1402 3700 nostri

153 3750 309 3816 temporis,
337 3750 373 3803 ut
400 3748 595 3822 papo-phimi,
623 3747 745 3801 tametsi
767 3748 884 3801 veteres
903 3761 953 3814 por
971 3762 987 3801 e
1006 3746 1128 3813 longum
1150 3747 1215 3801 sine
1233 3746 1321 3801 dubio
1342 3761 1402 3815 pro-

152 3851 314 3905 tulerunt''.
352 3850 439 3904 Unde
469 3850 593 3916 apparet
622 3849 838 3915 Macropedium
868 3848 985 3902 Erasmi
1012 3850 1048 3902 de
1077 3848 1132 3902 hac
1159 3863 1190 3902 re
1218 3849 1401 3903 sententiam

154 3948 285 4016 usvissa3
319 3947 455 4014 sequitur
489 3947 593 4000 tamen
623 3945 779 4000 Rauchlini
812 3945 1103 4013 pronunciationem,
1132 3944 1191 3999 illis
1219 3945 1404 4014 temporibus

154 4045 307 4099 usitatam.

156 4179 195 4185 --
200 4180 219 4185 -
223 4179 286 4186 ..--.
292 4178 360 4185 ...m-1

194 4256 215 4318 ¹)
233 4252 273 4307 cf.
293 4252 358 4307 lac.
380 4253 610 4322 ancrrsaanr,
624 4254 659 4307 de
673 4253 757 4308 Fatis
772 4253 889 4320 linguae
904 4254 1025 4307 Latinae
1037 4254 1068 4307 in
1082 4252 1250 4317 Germania,
1266 4267 1328 4320 pag.
1343 4254 1404 4317 215,

153 4340 221 4404 284,
238 4341 298 4396 298.
320 4342 349 4395 h.
363 4341 494 4405 Gerous,
509 4342 706 4395 chaissanco
720 4342 782 4396 und
798 4342 1018 4396 Humanismus
1032 4357 1094 4409 pag.
1108 4342 1161 4395 398
1174 4356 1217 4409 sq.
1232 4343 1264 4396 D.
1277 4342 1294 4396 J
1297 4355 1404 4406 acosr,

155 4443 251 4497 progr.
274 4430 344 4484 1886
364 4444 429 4498 pag.
447 4431 472 4484 9.
511 4431 669 4495 Dntranr,
688 4431 724 4484 de
748 4428 963 4497 Broedcrsolrap
982 4446 1040 4485 van
1059 4429 1093 4484 (i.
1113 4429 1233 4484 Gaooru
1252 4431 1404 4485 aaa-331.

192 4522 215 4584 ²)
235 4518 334 4585 Progr.
355 4533 419 4586 pag.
440 4519 481 4573 13.

193 4608 215 4671 ³)
235 4606 335 4660 Prima
354 4607 444 4661 edit-io
465 4607 573 4673 prodiit
595 4604 766 4662 Busciducis
785 4607 863 4673 apud
884 4607 1052 4661 Hatarduur
1073 4607 1150 4662 1535.
