3270 5310
852 373 915 435 164

380 567 451 632 Vos
474 567 639 648 glutiant,
664 569 789 632 vorent
813 567 963 632 lemures
987 570 1023 631 et
1045 571 1121 631 ater
1144 568 1313 632 tartarus!

380 683 432 747 Me
457 700 519 748 vos
542 699 675 763 quoque
699 683 914 747 enecabitis‘?
961 682 1139 746 Retaliabo
1163 682 1192 746 si
1216 699 1349 762 queam.

257 800 331 876 4515.
379 799 459 865 Lon.
485 799 593 863 Probe
617 799 747 863 salutat
769 815 850 880 noa,
873 798 1031 862 habenda
1054 797 1165 877 gratia
1188 801 1251 864 est.
1278 797 1343 862 His
1359 798 1510 863 vinculis

380 915 542 979 Solvatur
564 919 668 994 atque
691 914 847 979 vestibus
870 913 1052 995 spolietur,
1077 916 1117 978 ut
1140 930 1181 978 eo
1203 913 1347 978 alacrior
1370 914 1415 978 ad

379 1031 533 1111 Pugnam
557 1032 640 1113 siet,
664 1034 849 1110 nostroque
875 1047 1016 1095 munere
1039 1030 1102 1094 hcc
1127 1029 1227 1094 modo
1250 1031 1447 1111 expeditius

380 1147 583 1226 Fungamur.
622 1146 718 1212 Save.
743 1145 831 1228 Hui,
856 1146 969 1210 lorani
993 1162 1047 1210 me
1063 1145 1255 1210 solverint?
1279 1146 1357 1210 Lon.
1375 1147 1509 1211 Lorarii

379 1262 529 1327 Possunt
553 1262 657 1342 ligare
681 1265 717 1327 et
741 1262 892 1341 solvere3
918 1262 984 1326 buc
1008 1261 1121 1343 profer
1144 1260 1307 1341 lacertos;
1336 1279 1379 1327 ne
1404 1262 1507 1328 simul

258 1381 332 1442 450.
381 1378 466 1442 Cum
490 1378 586 1442 Sosia
609 1377 767 1442 Plautino
792 1381 827 1441 et
851 1380 933 1441 ante
956 1377 1112 1441 cottabos
1135 1393 1267 1458 pugnos
1290 1377 1372 1442 edas

381 1494 497 1573 Atque
521 1493 690 1573 colaphos.
738 1493 869 1558 Probus
893 1496 965 1573 est;
990 1493 1102 1558 soluto
1127 1493 1260 1575 cingulo
1283 1493 1438 1558 tunicam

1213 1609 1391 1683 abstrahe,

381 1725 532 1790 Thorace
555 1725 651 1806 laxa,
676 1728 716 1790 ut
740 1726 857 1790 vivam
878 1726 920 1789 ad
937 1742 1044 1805 usque
1061 1727 1176 1790 cutem
1191 1724 1289 1789 facile
1305 1724 1510 1790 Didascalus

381 1841 557 1905 indusium
583 1858 662 1905 mox
685 1842 828 1906 auferat.
879 1840 976 1906 Save.
1002 1840 1173 1920 Diespiter
1197 1857 1259 1905 vos
1282 1840 1438 1921 perduat.

380 1957 459 2022 Loa.
486 1957 589 2021 Redit
612 1957 828 2022 Didascalus:
854 1960 893 2020 ut
917 1957 1046 2021 salutes
1070 1957 1158 2021 ratio
1182 1959 1219 2021 et
1242 1956 1324 2021 ordo
1343 1957 1508 2035 postulat.

259 2075 333 2136 455.
381 2072 550 2138 Vocatum
574 2073 616 2137 ad
642 2073 793 2138 ulmeum
818 2073 917 2136 modo
942 2074 1106 2137 accubare
1130 2072 1233 2137 faciet
1256 2072 1432 2139 ferculum.

381 2188 455 2255 Dm.
480 2189 568 2269 Eho,
593 2188 701 2253 altero
724 2188 778 2252 bic
803 2187 975 2269 festivior,
1000 2188 1058 2268 qui
1082 2205 1119 2252 se
1142 2189 1323 2268 apparavit
1346 2189 1484 2267 praelio.

380 2305 459 2370 Lon.
492 2305 563 2370 Nos
594 2305 836 2386 antagonisten
860 2321 988 2369 novum
1012 2304 1075 2368 tibi
1099 2306 1180 2368 ante
1204 2304 1507 2387 praeparavimus3

379 2419 521 2484 Praeter
546 2423 606 2484 tua
629 2420 779 2500 unguina
803 2420 850 2484 nil
875 2420 946 2484 iere
970 2419 1195 2501 desyderatur
1218 2419 1382 2500 amplius;

380 2534 525 2614 Propter
549 2535 661 2599 minas
685 2537 885 2615 linguaeque
909 2535 1130 2600 virulentiam
1154 2537 1308 2599 nostram
1330 2535 1470 2600 hancei

255 2652 329 2714 460.
377 2649 521 2731 Operam
546 2651 742 2717 locavimus.
776 2652 848 2718 Dru.
875 2652 984 2716 Probe
1008 2655 1133 2717 actum.
1168 2651 1211 2715 lit
1226 2652 1316 2715 hunc
1330 2652 1499 2717 athletam

1281 2767 1460 2834 inunxere.

378 2881 489 2960 Ades,
514 2881 669 2946 sceleste.
719 2882 839 2946 Nonne
865 2900 962 2962 mage
987 2882 1130 2946 decebat
1153 2882 1346 2946 auscultare
1370 2883 1453 2947 mihi

382 2996 490 3075 Quam
517 2997 580 3061 hoc
608 3000 759 3062 scemate
787 2997 1021 3077 exemplisque
1048 2997 1206 3077 pessimis
1233 2997 1344 3076 palam

1302 3114 1501 3179 traducier?
1603 3182 1607 3189 ,

377 3227 473 3292 Srve.
500 3227 708 3308 Traducitis,
735 3228 987 3308 traduxeroque
1012 3246 1093 3309 vos,
1117 3228 1193 3293 fuat
1217 3229 1245 3293 si
1271 3229 1413 3295 occasio,

376 3343 454 3407 Lorr.
482 3343 565 3423 Abi,
590 3343 672 3407 data
688 3361 730 3407 en
747 3345 845 3408 nobis
861 3344 956 3423 prius
972 3344 1041 3408 iam
1058 3344 1189 3409 occasio
1205 3345 1306 3426 haec,
1323 3344 1441 3410 videto
1457 3364 1501 3410 ne

253 3459 326 3522 465.
377 3458 490 3522 Etiam
514 3459 663 3523 secundo
687 3459 787 3523 detur
811 3463 847 3524 et
870 3459 1046 3539 poeniteat
1070 3459 1312 3541 impudentiae.

377 3573 462 3652 Quid
487 3577 525 3638 tu
549 3574 639 3654 fugis
654 3577 732 3655 post
749 3576 919 3639 verbera?
943 3574 1093 3639 Stultam
1111 3575 1195 3640 iacis
1211 3592 1301 3655 rem;
1319 3576 1348 3640 si
1364 3576 1504 3656 quidem

377 3689 545 3753 Licuisset
568 3690 630 3754 bas
654 3691 770 3771 plagas
795 3691 874 3771 iuga
898 3691 1068 3772 evasisse,
1093 3691 1397 3770 prudentissimum

379 3804 535 3870 Proiecto
560 3806 764 3887 iudicarem,
789 3808 826 3869 at
849 3806 904 3869 ubi
929 3805 997 3870 iam
1014 3822 1134 3870 caesus
1149 3822 1204 3887 es,
1221 3823 1384 3886 quorsum
1400 3806 1506 3887 fuga?

377 3921 528 3985 Numera
552 3921 676 3986 sodalis
700 3922 855 3986 cottabos
878 3922 1078 4001 animosque
1103 3925 1253 3986 moestos
1277 3922 1419 4002 explica.

252 4036 327 4103 470.
377 4036 456 4102 Cas.
483 4037 683 4115 Explicuero
710 4054 791 4101 mox
815 4037 967 4117 Baccho,
992 4036 1136 4116 dapibus
1151 4041 1188 4101 et
1201 4037 1325 4116 puellis
1341 4037 1504 4103 candidis.

377 4151 456 4218 Loa.
483 4151 553 4215 Eho
577 4169 679 4232 puer,
705 4155 744 4217 tu
768 4151 913 4229 Veneri,
938 4152 1077 4232 laccho,
1103 4151 1355 4233 epulationibus
1376 4154 1507 4216 vaces?

375 4268 455 4333 Ona.
480 4267 586 4331 Vobis
610 4285 743 4347 quoque
769 4268 899 4335 invitis.
947 4269 1027 4333 Lon.
1053 4268 1097 4330 Et
1121 4266 1211 4331 unde
1235 4267 1299 4332 tibi
1315 4267 1508 4346 pecuniae?

1140 4382 1222 4450 Ona.
1249 4383 1292 4447 Et
1315 4382 1394 4462 quid
1418 4384 1461 4447 ad

374 4498 445 4562 Vos
469 4498 619 4563 attinet?
665 4500 743 4564 Lon.
773 4499 845 4562 lam
868 4499 969 4562 adest
992 4498 1127 4563 sodalis.
1154 4498 1246 4564 'Ona
1268 4497 1503 4563 Commodum.

1035 4614 1115 4678 Lon.
1141 4613 1304 4693 Sequitur
1326 4630 1462 4693 quoque
