3270 5310
794 393 856 456 175

322 585 488 653 Nostrum
512 587 692 667 utriusque
716 587 763 651 sit
786 587 877 652 cutis
901 605 1004 667 quarn
1027 589 1167 651 scabrae
1192 588 1267 653 ovis

318 706 392 769 Aut
416 705 569 769 omnium
594 704 710 784 quiin
736 704 894 784 compitis
917 704 1044 783 stipem
1067 707 1198 784 rogant.

319 820 403 884 Meis
427 820 609 884 medentur
631 819 788 884 clunibus
812 819 1085 902 Philochrysium
1109 822 1146 883 et

195 938 270 1002 740.
319 935 407 1001 Socii
432 935 693 1017 Philargyrium.
741 935 842 1001 Peru.
868 935 993 1000 Suavis
1016 934 1150 1000 unctio!

318 1052 398 1118 Can.
425 1051 511 1131 Quid
535 1051 657 1131 plura?
682 1055 826 1131 uterque
851 1051 976 1116 scholis
1000 1051 1284 1116 renuntiavimus,

319 1167 420 1234 Peru.
445 1167 489 1231 Et
512 1184 575 1248 ego
598 1168 862 1246 renunciavero,
887 1168 916 1230 si
940 1166 1083 1234 cesserit

320 1283 525 1348 Materculae
549 1300 594 1347 ex
616 1284 801 1350 sententia.
849 1284 939 1365 Iam,
963 1283 1119 1365 amiculi,

320 1398 444 1463 Videte
470 1398 547 1479 quis
572 1416 626 1463 me
650 1399 789 1463 dotibus
812 1399 988 1464 fortunula

265 1570 270 1580 .
318 1515 491 1581 Beavcrit.
529 1514 654 1580 Videte
678 1515 854 1596 cinnama,
878 1533 1055 1580 saccarum

320 1630 488 1711 Piperque
512 1630 667 1711 plurima.
716 1629 812 1696 Sere.
838 1630 904 1695 Per
927 1631 1140 1711 Aphroditen
1166 1630 1321 1711 plurimu.

318 1744 419 1812 Peru.
445 1745 605 1811 Nondum
622 1747 746 1812 omnia.
779 1746 875 1812 Snus.
894 1746 978 1818 Hui,
997 1746 1076 1827 quid
1094 1746 1302 1826 subligaculo
1318 1747 1441 1810 erues?

316 1860 382 1924 Per
407 1860 610 1942 Herculem,
635 1862 828 1942 pecuniam!
877 1863 957 1927 Cau.
983 1862 1194 1927 Pecuniam?

317 1975 413 2041 Sere.
442 1977 611 2043 Pecuniae
635 1978 702 2065 (ita
725 1995 780 2042 me
804 1977 993 2043 Mercurius
1016 1977 1125 2066 amet)
1148 1978 1253 2043 satis!

196 2093 215 2113 ⁹
265 2144 271 2156 .
319 2091 420 2158 Pura.
448 2092 572 2158 Videte
596 2111 696 2158 nunc.
744 2093 839 2159 Srre.
867 2093 893 2157 O
917 2094 1086 2175 luppiter,
1110 2095 1178 2157 iam
1202 2093 1347 2157 Caesare

315 2209 510 2291 Beatiores‚
535 2228 658 2276 aureos
681 2211 866 2291 philippeos

317 2322 484 2390 Videmus
508 2326 597 2390 ultra
621 2325 821 2406 quindecim.
869 2324 963 2388 Haec
987 2328 1150 2403 poterunt
1172 2327 1287 2405 potae,

317 2438 486 2505 Poterunt
510 2441 600 2505 dorni
623 2442 787 2506 celarier?
836 2440 937 2505 Pacu.
963 2440 1131 2504 Poterant
1154 2439 1252 2518 patri.

314 2554 410 2620 Scir.
436 2555 470 2620 Si
493 2557 556 2639 illi,
581 2560 637 2621 sat
660 2561 723 2623 est.
775 2557 875 2621 Pura.
901 2556 995 2620 Haec
1019 2556 1117 2620 trado
1143 2555 1238 2619 vobis
1263 2555 1409 2635 largiter.

261 2719 267 2732 .
315 2669 394 2736 Cra.
422 2671 552 2737 lituos
575 2673 635 2736 tibi
658 2676 773 2739 utram
797 2673 945 2738 volueris
969 2671 1148 2736 amiculam

315 2783 488 2852 Suaviter.
537 2787 713 2869 Stypisce‚
739 2804 801 2851 nos
825 2787 962 2867 quidem

314 2901 503 2982 Arguimur
526 2902 757 2985 ignavissimi,
782 2902 945 2967 sisimile
969 2902 1018 2965 nil

315 3016 582 3083 Patraverimns.
631 3019 727 3086 Sum.
753 3019 901 3084 lnstitne
926 3019 1015 3098 quod
1039 3018 1169 3082 facturn
1194 3017 1303 3095 voles;

315 3130 466 3197 Habebis
489 3150 597 3213 usquc
622 3152 676 3198 me
702 3137 862 3214 paratum
886 3135 928 3197 ad
953 3133 1074 3199 omnia
1125 3133 1205 3198 Clu.
1231 3132 1343 3212 Hem,

190 3248 209 3268 ⁹
259 3297 265 3311 .
312 3248 508 3324 Amiculae‚
534 3248 712 3315 Petriscon
735 3250 960 3315 introducite!

313 3363 474 3428 Tractate
498 3366 660 3447 comiter,
685 3367 801 3431 fovete
826 3366 990 3444 molliter,

312 3480 440 3544 Amate
466 3480 627 3563 dulciter,
654 3482 735 3546 dum
760 3481 1061 3546 obambulabimus.

374 3907 508 3985 Actus
546 3911 741 4005 quartus.
844 3909 1009 3988 Scaena
1046 3908 1250 3987 secunda.

397 4313 680 4380 Prunccunrsmu.
719 4315 990 4381 Pnrnnrrcrmurr.
1028 4316 1222 4381 Purnrscus

312 4522 710 4604 Vineon’.Lepusculum
735 4527 874 4590 meum?
898 4526 1129 4605 passerculum

311 4637 450 4703 Meum?
475 4639 573 4720 adea,
599 4641 824 4723 amatorcule,
849 4643 949 4723 ades,
975 4642 1094 4721 ecquid
1119 4645 1192 4705 stas
1216 4643 1320 4706 t'orisl
