3270 5310
767 387 808 450 97

160 581 347 646 baratarius
369 583 528 655 vocatur,
554 579 588 643 in
613 578 765 644 Petrisco
786 581 883 659 pater
899 578 1000 643 nimis
1016 579 1165 643 clemens
1182 582 1218 643 et
1233 580 1411 661 indulgens

165 696 329 776 dolesum
362 695 449 760 filius
473 695 633 776 prodigus
657 695 781 759 Aeetas
804 695 944 775 dicitur;
969 695 1077 759 frater
1101 696 1191 776 eius,
1215 696 1351 761 invidus
1374 699 1411 761 et
1435 732 1440 738 ·

161 812 363 876 criminosus
397 810 597 891 Philebum
633 827 755 876 servus
790 827 956 891 nequam,
992 812 1048 891 qui
1084 829 1156 876 rem
1188 812 1410 878 domesticam

162 943 231 991 non
261 930 360 991 curat
383 928 444 992 sed
468 927 548 992 sobs
572 927 679 1008 epulis
703 930 740 991 et
763 927 1058 996 comissationibus
1082 928 1201 993 studet
1225 928 1411 994 Geraestum

161 1044 266 1109 habet
300 1061 443 1126 nomen;
478 1061 602 1110 servus
637 1045 747 1126 piger,
780 1043 837 1123 qui
868 1061 1006 1109 ornnem
1037 1045 1188 1109 laborem
1219 1045 1411 1110 detrectare

163 1163 306 1225 conatur
330 1159 507 1225 Portemus
530 1161 670 1239 dicitur;
695 1163 812 1224 contra
839 1160 931 1224 servi
947 1161 1034 1240 frugi
1051 1161 1264 1242 appellantur
1284 1161 1411 1226 Merian-

162 1294 246 1356 πω,
275 1275 470 1357 Pribont'us,
493 1275 677 1357 Tarpetes,
697 1275 842 1357 Cometa,
860 1275 1079 1357 Philoromum
1097 1294 1235 1342 scurrae
1251 1277 1411 1357 quidquid

163 1395 309 1473 possunt
332 1392 480 1472 undique
504 1392 661 1457 furantes
685 1403 721 1457 et
745 1393 917 1473 rapientes
943 1391 1176 1473 Spermolopus
1199 1396 1235 1456 et
1256 1393 1410 1474 Harpax.

164 1507 310 1572 Callidus
342 1508 459 1589 templi
490 1511 608 1573 custos
639 1507 815 1573 Baccarus
839 1507 863 1584 Ι)
887 1508 1010 1572 dicitur
1033 1510 1173 1587 eiusque
1198 1508 1254 1573 filii
1278 1509 1412 1575 furaces

165 1622 297 1687 Phoros
335 1626 371 1688 et
408 1623 565 1706 Harpax.
620 1625 777 1689 Lenones
817 1624 947 1689 eamus
982 1629 1017 1690 et
1051 1623 1197 1690 Labros.
1253 1625 1412 1706 Discipuli

164 1739 306 1804 rebelles
329 1756 373 1805 ex
397 1757 505 1821 prava
529 1740 638 1804 indole
663 1740 801 1805 nomina
825 1740 965 1822 capiunt
984 1741 1150 1821 Olopicum
1167 1746 1203 1805 et
1219 1741 1412 1822 Desectam,

165 1859 285 1920 contra
323 1872 407 1936 puer
446 1857 623 1921 studiosus
662 1859 699 1921 et
738 1857 916 1921 modestus
956 1856 1179 1921 Pbt'lomotbes
1212 1858 1411 1939 appellatur.

166 1970 399 2036 Parasitorum
429 1973 568 2037 nomina
598 1976 682 2038 sunt
715 1972 814 2037 Colax
838 1976 874 2037 et
899 1972 1095 2057 Cremeram
1120 1974 1265 2038 militum
1291 1972 1413 2039 Stre-ro-

159 2087 293 2167 potire,
326 2087 544 2169 Kaprokeram
568 2087 749 2168 Loemorpi
772 2090 864 2153 servi
889 2090 984 2153 saevi
1008 2092 1045 2152 et
1068 2090 1199 2154 seroces
1228 2089 1355 2154 lbroso
1378 2093 1414 2154 et

167 2203 301 2284 Canopo
335 2204 566 2288 appellantur3
602 2205 761 2268 sacerdos
793 2204 1038 2286 Hieronymus,
1070 2222 1237 2285 pauperes
1261 2205 1413 2287 discipuli

166 2320 300 2385 scholae
316 2320 604 2403 Hieronymianae
621 2320 851 2402 Pammenes,
871 2319 1066 2401 Orphnaeus,
1087 2320 1289 2399 deponere,
1303 2320 1412 2385 Phthi-

169 2453 332 2518 roponos,
368 2437 459 2501 servi
494 2440 673 2501 currentes
706 2435 871 2517 Drmiam,
903 2436 1047 2515 brana
1080 2435 1254 2500 Droarelto.
1303 2437 1414 2501 Etiam

168 2552 346 2616 mulierum
368 2552 507 2616 nomina
530 2552 677 2616 indolem
701 2568 819 2617 earum
844 2555 880 2616 et
903 2555 1064 2616 natmam
1081 2552 1264 2617 declarant.
1298 2552 1415 2616 Mulier

167 2667 323 2732 bellicosa
346 2671 383 2732 et
406 2668 510 2732 virilis
531 2684 618 2747 quae
635 2686 712 2733 cum
729 2669 852 2733 marito
869 2669 910 2732 de
926 2669 1066 2749 imperio
1083 2669 1269 2733 domestico
1286 2672 1416 2749 pugnat

167 2783 337 2848 Andrisco
360 2784 499 2864 dicitur,
525 2802 613 2849 uxor
636 2785 745 2849 mollis
768 2789 803 2848 et
828 2785 972 2849 delicata
992 2784 1177 2865 Trppbero,
1199 2801 1286 2864 quae
1303 2781 1415 2849 liberis

168 2899 267 2963 nimis
295 2899 448 2980 indulget
471 2899 727 2981 Plritotecuium,
752 2918 838 2979 quae
863 2901 1020 2965 omnibus
1045 2901 1216 2965 maledicit
1240 2900 1414 2981 Cocololt'o,

168 3031 255 3094 quae
290 3016 402 3080 virum
436 3015 507 3080 odit
542 3016 739 3094 Misandro3
775 3016 877 3098 haec,
915 3017 1042 3097 poculis
1078 3017 1190 3080 minus
1214 3032 1317 3095 quam
1343 3016 1415 3080 viro

168 3130 303 3195 inimica
340 3147 403 3195 nec
438 3132 613 3196 domiseda
648 3132 775 3196 anncas
811 3131 915 3195 habet
949 3148 987 3196 se
1022 3132 1142 3212 dignas
1176 3131 1343 3196 Ermdiem
1378 3135 1415 3195 et

168 3245 381 3313 Philaenium.
440 3246 636 3312 Meretrices
679 3248 762 3311 llaec
802 3248 930 3311 habent
968 3248 1122 3312 nomina:
1162 3247 1414 3327 Morpoeotum,

168 3360 361 3426 moestam
381 3360 427 3451 ²),
463 3367 499 3426 et
534 3363 634 3427 nimis
670 3369 789 3445 aperta
819 3362 1091 3444 Philumenam,
1128 3362 1415 3444 Pboocbrpstom3

168 3478 308 3543 ancillae
335 3482 452 3544 castae
476 3482 512 3544 et
535 3479 712 3544 modestae
736 3481 770 3543 in
795 3479 937 3560 losepho
962 3479 1176 3560 appellantur
1201 3478 1358 3543 Golborls
1380 3482 1416 3543 et

168 3595 271 3673 apae.
319 3594 426 3660 Multa
449 3596 588 3660 nomina
611 3600 694 3660 sunt
713 3597 933 3661 substantiva
950 3595 1155 3677 appellativa
1171 3599 1233 3659 aut
1248 3596 1417 3660 adlectiva

170 3710 318 3792 Graeca,
342 3727 429 3791 quae
453 3728 597 3792 munus,
622 3715 791 3792 aetatem,
816 3712 909 3775 vitae
934 3712 1164 3775 condicionem
1179 3711 1347 3790 indicant;
1364 3710 1417 3774 his

169 3824 403 3908 Macropedius
434 3842 474 3891 eo
505 3827 636 3891 facilius
669 3829 717 3892 uti
748 3830 885 3908 poterat
916 3828 1005 3907 qnod
1029 3827 1280 3907 spectatoribus
1303 3826 1417 3906 lingua

171 3941 302 4007 Graeca
332 3943 446 4007 minus
476 3945 560 4007 nota
590 3946 683 4023 erat,
716 3960 823 4022 eaque
859 3944 1022 4007 vocabula
1052 3943 1155 4023 igitur
1178 3942 1321 4005 eandem
1346 3941 1416 4005 vim

169 4058 342 4123 habebant
371 4061 474 4139 atque
502 4059 640 4123 nomina
663 4060 806 4140 propria.
856 4058 910 4123 Sic
934 4075 1063 4138 coquus
1087 4057 1232 4122 Doelros
1256 4061 1416 4138 vocatur,

169 4173 329 4239 atriensis
362 4174 578 4259 oeconomus,
611 4178 777 4255 cognatus
803 4174 988 4256 spaeram,
1013 4174 1186 4238 familiaris
1215 4173 1417 4255 Grzorimcrs,

210 4543 231 4604 ¹)
249 4544 372 4614 Βασσάραι
392 4559 421 4589 ;-.
444 4540 563 4609 vulpes,
584 4541 686 4612 λάβραξ
706 4540 794 4606 piscis
814 4539 1032 4594 voracissimus.

208 4637 230 4697 ²)
249 4634 336 4702 Apud
356 4633 451 4689 Plant.
470 4634 551 4690 curo.
572 4634 698 4700 virginis
718 4647 836 4688 nomon.
