3270 5310
165 1118 260 1181 1045.

756 431 818 494 187

700 725 863 797 Choma

628 920 771 985 Icmbico
794 922 943 987 dimetro.

499 1114 731 1180 Obediendum
756 1115 919 1196 praecipit

453 1232 538 1295 Tum
562 1247 661 1295 sacra
686 1235 759 1295 tum
784 1230 958 1311 prophana
981 1231 1037 1295 lex

453 1345 664 1428 Principibus
688 1349 725 1410 et
748 1347 884 1410 senatui

452 1462 514 1544 Qui
539 1462 627 1543 plebi
649 1462 794 1527 honeste
818 1462 1023 1542 praesident.

496 1655 572 1721 Non
598 1657 697 1721 modo
720 1657 801 1738 piis,
825 1656 1048 1721 clementibus

452 1771 627 1851 Probeque
652 1772 925 1851 praesidentibus

452 1886 517 1951 Sed
542 1890 579 1950 et
601 1888 762 1968 improbis
785 1893 822 1953 et
846 1888 992 1970 dyscolis

450 2003 512 2066 Est
537 2003 790 2083 obsequendum
815 2005 971 2083 satrapis.

496 2197 585 2262 Nam
608 2200 718 2263 omnis
742 2201 897 2278 potestas
921 2217 942 2263 a
965 2199 1028 2264 deo
1052 2202 1115 2265 est.

452 2312 611 2393 Quaeque
635 2331 656 2378 a
680 2315 742 2379 deo
767 2314 924 2379 ordinata
946 2317 1037 2379 sunt.

451 2428 570 2508 Itaque
595 2430 793 2509 potentibus
816 2431 1017 2510 obstrepens

451 2544 510 2609 Dei
536 2545 665 2609 resistit
688 2546 805 2611 ordini.

493 2738 537 2802 Hi
561 2739 711 2820 dirigunt
735 2740 976 2819 rempublicam

449 2854 630 2935 Rebusque
654 2855 760 2934 privis
784 2856 985 2935 consulunt,

450 2969 529 3034 Sine
552 2970 605 3034 his
629 2987 692 3034 nec
716 2987 861 3050 usquam
885 2974 984 3035 tutus
1008 2974 1064 3036 est

450 3083 520 3149 Neo
544 3086 577 3149 in
602 3086 685 3150 urbe
709 3087 828 3150 necin
852 3103 932 3168 agro
956 3087 1059 3153 locus

494 3277 538 3341 Hi
561 3279 720 3359 pauperis
744 3279 885 3359 viduae,
910 3280 1049 3360 orphani

449 3392 629 3473 Inopisque
654 3410 794 3457 causam
818 3394 1010 3473 vindicant,

449 3507 493 3571 Hi
518 3509 665 3572 rusticos
688 3509 844 3574 innoxios

449 3623 616 3705 Servant,
640 3624 855 3705 perduntque
879 3627 1009 3691 noxios.

493 3807 558 3872 Per
581 3808 643 3872 bos
667 3809 773 3873 sacris
796 3810 859 3873 sub
883 3810 1023 3874 aedibus

448 3925 548 3989 Ritus
571 3942 747 3990 sacrorum
771 3931 991 4010 permanent,

448 4039 513 4104 Per
536 4041 666 4121 hosque
690 4041 782 4122 leges
805 4042 957 4122 publicae

448 4155 574 4236 Vigent
597 4157 720 4237 ubique
744 4158 907 4238 gentium.

492 4323 576 4403 quio
601 4324 685 4388 Core
709 4324 913 4406 Dathanque
937 4326 1100 4407 perdidit,

448 4439 533 4518 Quid
558 4440 777 4521 Abessalom,
802 4441 882 4520 quid
906 4441 1109 4519 Boohriden,

448 4554 520 4619 Nisi
543 4555 691 4619 insolens
715 4555 749 4619 in
773 4556 941 4637 principes

449 4669 572 4735 Gentis
595 4687 677 4735 suae
701 4671 922 4751 arrogantia?
