3270 5310
832 384 876 449 60

703 627 913 693 CAPUT
950 627 1007 694 ΙΙΙ.

356 818 419 928 u'e
449 849 760 928 locutionibus
789 851 834 928 et
860 849 1091 929 vocamus
1118 849 1267 947 petitis
1296 868 1351 927 ex

257 983 446 1082 Vulgata
474 981 633 1062 Sacrae
663 981 911 1080 scripturae
938 982 1298 1080 interpretatione
1328 982 1455 1063 etex

426 1220 430 1227 ἡ
550 1115 951 1194 Ecclesiasticorum
980 1115 1167 1213 scriptis.

274 1349 419 1415 Multum
446 1353 482 1414 et
506 1352 658 1430 tempore
682 1352 718 1414 et
742 1350 843 1414 rebus
867 1351 904 1415 11
927 1349 1005 1414 stilo
1029 1352 1066 1414 et
1089 1348 1262 1414 vocabulis
1282 1349 1479 1412 aveterum

229 1467 433 1532 comicorum
473 1465 596 1530 fabulis
636 1465 798 1530 differunt
837 1465 945 1530 altera
982 1466 1038 1529 iila
1072 1465 1200 1546 scripta
1233 1466 1324 1530 unde
1359 1474 1399 1536 ut
1433 1489 1478 1536 ex

229 1582 400 1646 uberrimo
439 1581 534 1646 fonte
569 1581 739 1662 permulta
777 1581 920 1647 libenter
958 1582 1074 1646 hausit
1108 1582 1311 1664 Macropedii
1345 1604 1476 1669 serm0,

228 1697 330 1762 libros
354 1714 470 1761 sacros
493 1696 567 1762 dico
591 1697 891 1762 Testamentorum
915 1696 1052 1761 Veteris
1069 1700 1105 1763 et
1120 1697 1218 1765 Novi.
1244 1699 1478 1784 Macropedius

228 1813 344 1894 procui
368 1813 468 1878 dubio
492 1829 667 1892 nunquam
687 1813 837 1894 neglexit
853 1813 1189 1899 gravissimumillud
1205 1819 1242 1880 et
1257 1819 1477 1900 praecipuum

228 1928 373 1993 officium
413 1945 530 1993 eorum
569 1929 625 2008 qui
659 1929 694 1992 11
729 1927 852 1993 scholis
888 1947 909 1992 a
943 1929 1106 1994 iratribus
1141 1929 1339 1998 Communis
1374 1934 1476 2000 Vitae

228 2045 373 2109 conditis
408 2044 639 2125 praeceptoris
673 2060 815 2109 munere
853 2043 1102 2127 iungebantur,
1136 2063 1254 2112 sacras
1289 2049 1477 2130 scripturas

227 2160 398 2241 discipulis
421 2160 492 2225 suis
517 2160 696 2225 enarrandi
720 2164 756 2223 et
778 2160 977 2240 explicandi.
1024 2161 1133 2226 immo
1157 2163 1185 2225 si
1210 2179 1289 2227 eum
1312 2169 1476 2246 putamus

228 2294 272 2342 111
304 2278 417 2342 animo
450 2293 573 2358 magna
605 2293 682 2341 cum
714 2276 893 2341 voluntate
924 2276 1004 2340 iilud
1028 2277 1174 2342 odicium
1197 2282 1317 2344 sancte
1340 2298 1477 2362 semper

227 2393 370 2458 coluisse
402 2393 588 2474 periculum
619 2409 687 2457 non
715 2394 770 2456 est
793 2409 836 2456 11
860 2391 1034 2472 1111111111;
1059 2394 1269 2474 persuadent
1292 2396 1354 2460 hoc
1378 2397 1476 2461 nobis

228 2509 363 2574 fabulae
399 2524 517 2573 sacrae
554 2508 643 2589 eius,
679 2509 831 2572 sincerae
865 2508 1005 2589 pietatis
1040 2512 1076 2572 11
1099 2509 1171 2573 veri
1195 2511 1321 2575 amoris
1342 2511 1473 2593 plenae.

226 2624 540 2689 Ecclesiasticorum
572 2640 705 2703 qunque
732 2623 860 2704 scripta
881 2623 945 2688 iilis
969 2625 1179 2705 temporibus
1201 2643 1223 2690 a
1247 2626 1417 2709 discipulis
1441 2628 1475 2693 11

226 2740 350 2804 scholis
380 2740 498 2805 sedulo
529 2739 789 2819 lectitabantur,
822 2743 858 2805 11
889 2743 1069 2822 poetarum
1093 2740 1353 2807 christianorum
1378 2743 1475 2808 velut

226 2855 402 2920 Prudentii
434 2857 585 2922 carmina
615 2857 805 2922 edebantur
826 2857 862 2920 11
885 2873 987 2922 usum
1010 2857 1213 2923 scholarum.
1260 2856 1350 2922 Nihil
1372 2859 1475 2940 igitur

225 2972 419 3037 mirandum
449 2973 479 3036 si
510 2973 544 3036 11
576 2989 694 3037 eorum
725 2972 781 3053 qui
812 2990 868 3037 res
899 2989 1015 3037 sacras
1042 2974 1241 3038 tractabant
1263 2978 1300 3039 et
1321 2974 1413 3040 libris
1437 2980 1474 3040 et

225 3089 431 3154 carndnibus
455 3088 563 3154 multa
585 3090 808 3154 inveniuntur
830 3106 875 3154 ex
898 3089 961 3154 illis
984 3090 1136 3156 fontibus
1159 3090 1277 3171 petita.
1317 3091 1361 3156 Et
1383 3092 1473 3156 Libri

224 3205 312 3270 sacri
347 3204 484 3285 quidem
519 3221 726 3284 quamquam
760 3207 802 3270 ut
835 3203 984 3269 diximus
1015 3207 1153 3269 tantum
1184 3207 1221 3269 et
1252 3207 1405 3286 tempore
1436 3210 1471 3270 et

225 3321 327 3386 rebus
358 3338 380 3385 a
410 3323 569 3386 veterum
599 3323 779 3402 poetarum
810 3319 991 3385 comoediis
1015 3320 1148 3385 distant
1171 3323 1287 3385 tamen
1311 3321 1473 3386 nonnulla

224 3454 302 3502 cum
325 3436 366 3502 iis
389 3438 517 3502 habent
540 3437 751 3519 communia,
776 3437 898 3517 quippe
922 3437 978 3517 qui
1003 3453 1071 3502 non
1094 3453 1195 3502 secus
1218 3453 1258 3502 ac
1282 3440 1402 3501 vetera
1416 3436 1473 3502 illa

224 3553 352 3634 scripta
374 3553 409 3617 in
432 3553 550 3618 multis
572 3552 769 3634 popularem
793 3555 829 3618 et
852 3552 1060 3618 cotidianum
1083 3569 1277 3617 sermonem
1299 3553 1471 3633 referunt,

223 3667 281 3748 qui
316 3684 376 3749 per
409 3668 509 3749 ionga
543 3668 680 3733 saecula
713 3668 822 3733 multa
856 3668 1041 3733 immutata
1069 3669 1241 3751 servavit,
1272 3686 1317 3734 111
1349 3668 1471 3748 quibus

223 3784 385 3849 nonnulla
399 3784 503 3849 etiam
520 3785 687 3865 usquead
704 3784 905 3866 Maeropedii
921 3787 1074 3849 aetatem
1089 3784 1286 3862 substitisse
1299 3784 1468 3850 videntur.

223 3898 329 3965 Velut
362 3900 397 3964 in
432 3900 585 3981 utrisque
620 3900 815 3966 invenimus
843 3900 1070 3965 indicativum
1100 3899 1134 3964 in
1166 3899 1366 3981 quaestione
1390 3900 1470 3964 indi-

224 4018 336 4096 recta,
372 4017 478 4081 verba
511 4018 651 4097 putare,
687 4032 842 4099 sperare,
879 4016 993 4081 videre
1029 4019 1093 4082 cet.
1128 4019 1229 4081 extra
1259 4015 1469 4081 sententiam

222 4131 351 4213 posita,
386 4131 593 4197 infinitivum
628 4134 707 4214 post
738 4134 844 4197 verba
873 4133 1049 4214 movendi,
1082 4132 1147 4197 alia
1170 4132 1345 4197 eiusmodi.
1393 4132 1470 4197 Alia

222 4250 340 4312 tamen
372 4250 408 4313 et
439 4249 536 4329 plura
559 4249 782 4330 Evangelicae
806 4248 961 4315 dictionis
984 4248 1242 4330 promissum,
1266 4251 1302 4312 11
1325 4264 1346 4312 1
1369 4248 1469 4328 scrip

221 4363 353 4429 toribus
395 4363 640 4429 Ecclesiastieis
682 4365 897 4446 potissimum
939 4367 1159 4446 usurpantur.
1219 4362 1337 4444 Qualia
1377 4363 1468 4444 apud

222 4478 473 4561 Macropedium
496 4479 594 4561 plura
616 4480 760 4546 inveniri
783 4481 817 4544 in
840 4481 881 4545 iis
904 4480 1026 4547 fabulis
1049 4497 1136 4562 quae
1160 4480 1292 4561 proprie
1311 4479 1469 4544 dramata

220 4610 320 4660 sacra
350 4596 579 4678 vocabantur,
611 4597 667 4661 ubi
696 4596 770 4677 ipsa
800 4600 1003 4679 argumenta
1034 4601 1070 4662 et
1100 4595 1216 4662 stilum
1243 4597 1280 4660 et
1303 4595 1469 4660 vocabula
