3270 5310
775 405 839 469 186

430 706 564 784 Actus
594 706 788 801 quartus.
863 701 1029 780 Scaena
1055 721 1182 781 nona.

724 1059 891 1126 Trimetri.

363 1254 552 1320 Srrrrsous
601 1252 811 1318 Sarnmrrns.
847 1242 1039 1318 Rusticus.
1088 1251 1257 1318 Pnanron.

330 1447 459 1512 Videbo
483 1447 511 1510 si
536 1450 634 1510 tutus
658 1445 810 1510 Petrisco
835 1445 1004 1509 transitus

328 1562 415 1627 Hine
439 1561 480 1626 ad
504 1564 665 1642 parentes
689 1564 816 1641 pateat.
842 1559 928 1641 Hui,
952 1560 1032 1640 quid
1056 1563 1194 1641 praetor
1217 1560 1300 1624 hio?

329 1678 406 1744 Sar.
431 1677 495 1741 Hic
519 1680 574 1741 est
597 1677 767 1758 profecto,
792 1676 944 1757 domine,
969 1668 1162 1756 querulam
1186 1677 1341 1742 rusticus

329 1793 555 1874 Depinxerat3
581 1809 618 1857 se
642 1792 822 1857 subtrahit.
870 1792 974 1858 Rusr.
1000 1791 1149 1856 Vidistin
1173 1791 1265 1856 huno

330 1908 394 1989 Qui
417 1909 567 1989 prodiit?
591 1908 742 1988 profecto
766 1908 794 1970 is
818 1907 952 1988 estqui
976 1907 1117 1972 sustulit

329 2024 556 2107 Philippeum,
583 2024 767 2104 reliquique
791 2023 874 2086 furti
898 2023 1063 2088 conscius.

330 2141 455 2206 Pnanr.
481 2140 666 2220 Properate
691 2156 772 2220 voe,
796 2139 973 2219 irrumpite
998 2142 1035 2203 et
1057 2138 1234 2220 producite

330 2258 451 2321 Totam
474 2255 654 2338 familiam,
679 2254 822 2320 fortiter.
871 2254 949 2320 Sar.
975 2254 1183 2319 Parebimus.

330 2372 488 2453 Aperitel
513 2370 754 2452 Dissimulant,
780 2373 817 2434 at
839 2371 930 2434 intro
954 2370 1153 2452 rumpimus.

330 2487 468 2552 Prodite
493 2503 573 2566 vos,
598 2487 746 2565 prodite!
794 2486 937 2551 Praetor
961 2502 1024 2550 vos
1047 2485 1147 2550 simul

330 2602 415 2666 Vult
438 2602 628 2667 convenire.
677 2602 779 2667 Rusr.
806 2602 921 2666 Timeo
945 2601 1140 2666 fortioribus

330 2721 404 2782 Aut
428 2717 578 2799 pluribus
603 2721 674 2782 tres
699 2735 766 2781 non
792 2720 922 2796 queant
945 2718 1116 2782 resistere.

332 2834 504 2915 Clamant,
529 2832 698 2907 fremunt,
723 2833 996 2914 tumultuantur,
1022 2832 1236 2913 obstrepunt.

331 2950 399 3013 Res
423 2949 536 3031 salva3
561 2949 712 3030 plorant,
737 2949 983 3032 deprecantur,
1008 2951 1137 3012 exeunt

331 3064 470 3129 Maniois
495 3064 639 3130 retincti
662 3063 797 3146 ferreis,
823 3064 1010 3144 trepidique
1036 3080 1095 3128 eos

331 3180 529 3259 Sequuntur
552 3179 725 3260 improbus
749 3196 833 3260 puer
857 3197 934 3243 cunr
958 3179 1123 3245 foeminis.

331 3294 416 3375 Quid
440 3312 530 3359 nuno
555 3295 736 3359 futurum?
784 3293 867 3374 Quid
892 3295 965 3376 spei
991 3295 1070 3358 milri
1094 3294 1286 3374 reliquum?

331 3410 455 3474 Pnaur.
481 3410 676 3474 caedantur
699 3410 783 3475 haec
806 3410 996 3491 prostibula
1019 3409 1185 3492 colaphis,
1210 3411 1249 3473 at
1272 3409 1358 3473 alios

331 3526 413 3589 Tres
437 3526 471 3589 in
495 3525 676 3607 phylacam
700 3524 890 3606 puniendos
915 3525 1038 3591 ducite.

331 3641 380 3706 Tu
405 3657 565 3721 sequere;
591 3641 753 3705 reddetur
777 3640 837 3705 tibi
860 3641 1012 3722 pecunia.

331 3756 433 3821 Ruso.
460 3756 578 3821 Denuo
602 3759 744 3821 renatus
768 3756 903 3837 videor,
928 3756 1005 3820 hinc
1028 3758 1128 3820 actus
1152 3758 1230 3819 tuos

205 3938 207 3942 Α
332 3872 442 3936 Mores
466 3874 545 3935 tuos
568 3872 739 3951 herotem,
764 3870 980 3936 clementiam
1004 3874 1041 3935 et

332 3987 554 4051 Prudentiam
579 3988 677 4052 laude
703 3986 844 4051 efferam
867 3987 949 4051 dum
972 3987 1102 4053 vixero

332 4104 456 4168 Pnann.
483 4103 558 4169 Non
581 4103 644 4167 hoc
668 4104 820 4186 requir03
843 4120 987 4184 sequere
1010 4120 1065 4168 me
1089 4104 1123 4167 in
1147 4103 1369 4183 praetorium.
