3270 5310
784 384 847 447 163

317 574 463 639 Pulsant
475 575 623 640 domum.
642 575 737 641 Prnn.
751 575 868 641 Nostri
882 576 995 644 silent.
1010 578 1087 644 Pon.
1102 578 1263 660 Introque
1276 585 1441 662 rumpunt

1251 695 1391 762 viribus,

316 805 410 872 Prun.
436 806 486 870 En
511 807 600 871 alter
623 806 739 889 exilit,
758 810 855 871 tenet
872 808 1052 888 magister,
1069 809 1216 874 alterum
1233 812 1438 896 extrahunt,

317 920 478 1002 Sequitur
502 922 668 986 meretrix
691 922 833 988 eiulans.
882 922 960 988 Pon.
985 924 1143 989 Fortasse
1164 941 1265 989 caesa
1280 927 1429 991 fustibus

316 1036 438 1101 Viden’
456 1041 496 1102 ut
513 1055 616 1103 manu
631 1056 754 1103 aversa
766 1039 987 1104 retunditur?
1011 1039 1106 1105 Peru.
1120 1039 1239 1118 Video,
1253 1041 1328 1105 vice
1340 1043 1437 1107 savii.

261 1204 267 1216 .
316 1151 393 1219 Pon.
422 1152 448 1216 O
472 1153 606 1218 utinam
630 1157 667 1217 et
690 1154 799 1235 ipsam
822 1154 888 1218 huc
912 1155 1131 1236 pertrahant,
1156 1155 1408 1221 dissaviandam

1179 1274 1345 1354 mastyge.

314 1384 410 1450 Pum.
445 1384 513 1464 En,
543 1385 611 1448 iam
635 1385 782 1449 revincti
807 1385 944 1451 funibus
967 1387 1139 1452 ducuntur
1162 1388 1252 1452 haud
1276 1405 1376 1453 secus
1398 1407 1437 1452 ac

1280 1503 1393 1568 solent

317 1615 424 1680 Fures
444 1615 608 1696 phylacae
624 1616 794 1681 adducier.
819 1616 898 1682 Pon.
916 1616 1157 1696 Spectaculum
1173 1618 1437 1699 lepidissimum!

312 1730 385 1795 Iam
412 1731 572 1811 quicquid
597 1731 825 1811 irrogaverint
848 1732 960 1812 probri
985 1736 1046 1797 aut
1068 1733 1137 1798 doli
1161 1734 1399 1815 mulctabitur,

316 1845 464 1929 Verum,
489 1848 568 1927 quia
591 1847 717 1912 adsunt
740 1847 904 1927 proximi,
929 1848 1090 1913 cedamus
1113 1849 1214 1915 intro.
1262 1850 1357 1916 Pnrn.
1384 1851 1437 1913 lta

1259 1983 1390 2032 censeo

389 2366 523 2443 Actus
562 2365 793 2447 secundus
868 2363 1033 2442 Scaena
1071 2366 1228 2462 quinta.

322 2704 466 2767 Lonunn
491 2703 566 2769 duo.
614 2702 837 2767 Dinuscrnus
887 2703 1061 2768 Clemens.
1109 2702 1303 2768 Srversons.

258 2951 264 2963 .
314 2896 388 2962 Hos
411 2896 578 2961 hactenus
601 2899 737 2960 nostros
760 2895 871 2976 recipe
897 2896 1059 2976 magister
1083 2898 1120 2960 et
1143 2896 1345 2961 scholastico

312 3012 363 3076 Ex
395 3028 488 3076 more
512 3011 651 3092 corrige.
699 3011 859 3075 Alterum
883 3011 1097 3076 servabimus
1119 3011 1200 3076 dum
1224 3013 1265 3075 tu
1288 3011 1435 3075 alterum

314 3128 523 3207 Caecideris,
548 3127 672 3207 nequid
699 3127 867 3191 tumultus
890 3126 1030 3191 interim
1052 3127 1087 3191 in
1112 3127 1227 3191 schola
1250 3127 1389 3192 excitet.

314 3243 387 3309 Dm.
414 3242 525 3308 Solve.
574 3243 647 3322 An,
673 3242 831 3322 Cabisce,
856 3259 924 3307 non
949 3242 1037 3306 foret
1054 3242 1153 3306 modo
1169 3241 1363 3323 honestius,
1383 3260 1435 3306 me

1121 3357 1391 3421 mmmm

316 3474 549 3554 spontaneum
573 3474 708 3538 venisse
733 3474 867 3554 plagas,
892 3490 994 3552 quam
1018 3489 1078 3552 per
1101 3473 1163 3536 hos
1187 3473 1384 3552 turpissime

259 3643 265 3656 .
315 3590 415 3654 Trahi
440 3589 616 3653 ministros
638 3588 790 3668 publicos
814 3591 850 3652 et
873 3589 960 3651 hanc
985 3604 1123 3652 movere
1147 3588 1384 3667 tragoediam?

312 3705 394 3771 Cra.
422 3705 550 3770 Caedes
574 3705 691 3785 modo,
715 3707 753 3768 at
776 3719 843 3767 non
868 3703 999 3768 amodo.
1048 3702 1121 3767 Dm.
1147 3702 1248 3766 Farrit
1272 3703 1374 3784 deus,

1097 3834 1217 3881 verum
1242 3835 1344 3898 cave,

315 3934 366 3999 Ne
391 3936 510 4014 postea
534 3936 568 3998 te
592 3934 713 3998 caedat
735 3936 835 3998 atrox
859 3933 1030 4012 carnilex;
1055 3932 1142 4011 quod
1168 3935 1222 3996 est
1246 3950 1360 3997 meum

312 4050 410 4115 Nunc
435 4067 595 4130 exequar.
642 4051 722 4114 Lon.
749 4048 821 4128 Quo
845 4048 1022 4129 privilegio
1045 4048 1215 4113 secundus
1238 4048 1408 4128 vapulas?

311 4168 367 4230 An
391 4169 426 4230 te
451 4166 605 4247 superior
629 4166 685 4229 ille
710 4165 879 4245 nequitia,
904 4165 995 4243 prior
1019 4165 1107 4244 quod
1132 4165 1299 4243 vapulat?

188 4283 264 4348 440.
294 4281 413 4364 Save.
438 4281 560 4346 Ridete
584 4298 692 4362 nunc;
718 4280 874 4346 fortassis
898 4279 979 4342 olim
1002 4295 1071 4343 non
1094 4279 1179 4343 adeo
1202 4279 1366 4348 ridebitis,

311 4398 390 4463 Lon.
413 4397 556 4461 Cessent
573 4397 693 4462 minae.
720 4396 888 4475 Numera,
906 4395 1082 4477 Stypisce,
1099 4398 1263 4474 quotnam
1280 4397 1436 4461 cottabos

313 4513 433 4578 Socius
456 4513 561 4593 ferat,
587 4512 738 4592 perferre
762 4529 839 4575 cum
864 4513 899 4574 te
924 4482 1068 4575 totidem
1093 4512 1259 4589 oporteat.

1185 4624 1284 4691 Srve.
1310 4627 1436 4691 Truces
