3270 5310
844 387 907 452 106

477 583 547 637 2182
566 597 629 649 sqq.
660 582 707 636 Sic
725 580 802 648 quod
821 582 886 635 erat
904 583 975 635 ante
995 581 1113 636 saeculo

661 680 706 733 Ex
726 682 756 734 te
775 679 861 733 beata
881 679 998 746 virgula

661 776 792 831 Verbum
812 776 863 830 Dei
883 775 997 831 factum
1016 778 1064 830 est
1081 789 1156 830 care.

662 880 785 946 Elisque
805 879 889 946 Vir30
909 882 1031 942 ἃιοτὸκος

662 983 700 1036 Et
719 983 783 1036 sine
801 981 961 1049 gravedine
979 981 1104 1048 gravida

661 1080 700 1133 Et
718 1080 782 1134 sine
801 1079 899 1134 dolore
919 1091 1071 1147 puerpera.

374 1179 443 1234 Hoc.
465 1177 524 1232 135.
555 1178 623 1232 Sint
642 1177 732 1245 frixo,
752 1176 815 1230 sint
833 1175 926 1240 elica,
945 1176 1008 1229 sint
1026 1177 1141 1239 assato,
1160 1176 1223 1229 sint
1241 1175 1362 1243 liquato.

408 1319 421 1346 ,
462 1275 521 1331 135.
553 1274 683 1329 Osaeva
703 1288 792 1342 mors,
811 1288 828 1327 o
847 1273 910 1327 dira
929 1274 1004 1327 sors!

297 1400 392 1464 Inter
426 1416 485 1463 eos
520 1415 605 1478 quos
639 1397 821 1462 citavimus
856 1413 996 1477 versus,
1032 1397 1182 1461 nonnulli
1212 1397 1436 1461 inveniuntur
1468 1397 1503 1459 in

254 1519 370 1580 ternas
409 1515 507 1579 divisi
542 1514 711 1597 dipodias,
747 1513 886 1577 eosdem
923 1513 977 1577 vel
1011 1512 1137 1577 similes
1172 1513 1287 1577 exitus
1322 1512 1502 1577 habentes,

254 1633 361 1695 Amat
402 1630 464 1694 hoo
506 1629 757 1711 Macropedius;
800 1629 865 1693 alia
906 1628 1006 1693 huius
1049 1629 1304 1694 consuetudinis
1343 1627 1505 1709 exempla

253 1751 336 1812 sunt
359 1746 461 1811 haec:

360 1879 437 1934 Petr.
456 1880 517 1934 630.
555 1879 753 1946 scortabitur,
773 1878 934 1942 furabitur,
956 1877 1155 1933 bacchabitur.

388 2045 401 2072 ,
459 2002 519 2056 735.
558 2001 656 2055 Vincti
677 2016 798 2070 sumus,
817 2003 905 2056 tracti
925 2016 1043 2063 sumus,
1063 2001 1138 2057 caesi
1159 2016 1274 2056 sumus.

347 2125 440 2179 Andr.
461 2125 520 2179 166.
559 2125 743 2179 Laetandum
762 2125 833 2191 erit,
854 2124 1056 2179 bacchandum
1076 2126 1149 2189 erit,
1168 2124 1332 2192 potandum
1352 2125 1419 2179 erit.

389 2291 401 2316 ,
458 2247 519 2302 884.
556 2247 705 2315 cecidero,
724 2248 891 2311 laniavem,
911 2248 1074 2303 foedavere.

389 2414 401 2439 „
443 2371 519 2425 1193.
557 2371 689 2426 Eruenda
708 2373 811 2440 erant,
832 2372 984 2439 purganda
1003 2373 1104 2440 erant,
1123 2371 1274 2439 coquenda
1293 2371 1389 2425 erant.

359 2494 440 2549 Base.
476 2495 521 2549 90.
558 2494 715 2549 Ducendus
733 2496 795 2563 est,
813 2494 977 2561 gestandus
995 2496 1058 2559 est,
1077 2461 1305 2548 vehendua‘est.

390 2660 402 2685 ,
460 2618 520 2671 459.
558 2617 595 2670 Et
615 2619 738 2671 teneant
756 2620 788 2671 et
808 2617 935 2683 puniant
954 2618 985 2672 et
1003 2618 1150 2686 dissipent
1169 2616 1323 2672 Trifurem.

391 2784 402 2809 ,
459 2742 521 2795 616.
559 2741 759 2804 Mendacium,
779 2741 944 2803 voracium,
963 2740 1116 2806 rapacium

558 2837 595 2890 Et
614 2836 803 2891 heluantium
822 2838 992 2905 imperator.

380 2960 437 3015 los.
456 2961 517 3014 425.
555 2960 744 3029 superbiam,
765 2960 961 3029 proterviam,
979 2959 1182 3014 insolentiam.

405 3127 417 3152 „
456 3083 518 3138 992.
556 3083 743 3148 Probabitur,
762 3084 944 3152 servabitur,
963 3083 1166 3138 honorabitur.

327 3210 424 3262 Adam
445 3209 522 3263 1929.
558 3208 712 3262 Christum
733 3221 850 3271 meum,
870 3208 990 3262 iustum
1011 3222 1127 3277 meum,
1145 3209 1273 3275 gnatum
1293 3221 1404 3262 meum.

345 3329 423 3399 Hyp.
459 3331 522 3386 889.
560 3332 649 3398 Aegri
670 3346 794 3396 sumus,
814 3332 908 3386 scabri
928 3347 1049 3396 sumne,
1069 3332 1170 3386 miseri
1191 3346 1305 3386 sumus.

382 3497 394 3523 ,
444 3454 520 3508 1217.
558 3454 740 3509 Patientiam
760 3455 969 3519 veneramini,
987 3454 1218 3521 amplexamini.
1238 3454 1423 3510 osculamini.

354 3577 424 3631 Hec.
445 3577 521 3632 1010.
559 3577 688 3632 Disiecta
708 3579 797 3642 sunt,
818 3578 927 3631 lassata
947 3578 1034 3645 sunt,
1055 3577 1153 3632 soluta
1172 3579 1254 3633 suut.
1367 3566 1370 3570 ’

302 3701 349 3766 Ut
379 3702 414 3765 in
446 3700 604 3765 diverbiis
635 3702 683 3766 sic
713 3703 748 3765 in
779 3701 892 3783 lyricis
924 3701 1072 3783 strophis
1104 3718 1349 3782 nonnunquam
1379 3719 1504 3769 versus

255 3817 376 3881 iisdem
399 3815 538 3897 syllabis
562 3823 701 3883 exeunt.
747 3817 809 3882 Ex.
834 3835 882 3897 gr.

319 3950 403 4003 Asot.
422 3949 475 4003 366
494 3963 557 4017 sqq.
596 3949 710 4004 Horum
730 3951 865 4004 omnium
886 3950 989 4004 tamen
1008 3949 1130 4004 interim

596 4046 669 4100 Fore
688 4047 770 4101 liberi
790 4047 984 4101 immemores
1005 4046 1110 4101 solent.

596 4144 722 4198 levibus
741 4144 910 4212 rependunt
928 4143 1054 4197 moribus

595 4241 651 4295 Pro
670 4255 770 4295 amore
790 4240 1016 4297 arrrerr'tudiuem.

596 4338 651 4392 Sed
670 4338 719 4398 tu,
739 4336 845 4402 probae
863 4335 971 4391 indolis
991 4352 1076 4407 puer,

596 4434 700 4488 Tantis
719 4435 773 4488 tibi
795 4434 939 4488 laboribus

596 4531 691 4585 Obitis
711 4530 817 4585 referre
835 4531 964 4597 gratiam

596 4630 706 4700 Stude,
724 4630 755 4684 et
773 4630 996 4684 vicissitudinem.
