3270 5310
765 400 808 462 93

162 590 245 646 foede
273 590 441 646 mendicata
468 590 505 645 ab
529 589 595 645 aliis
620 589 731 657 [crudo
756 591 821 645 Laz.
848 590 900 645 170
924 590 1029 658 Sitque
1053 592 1215 658 apparatus
1239 589 1412 656 seculorum

162 687 336 754 splendidus
360 688 414 742 545
438 688 576 742 ventrem
602 701 736 743 crassum
763 687 845 742 lauta
863 686 974 753 fercula
991 687 1149 743 dissecent.
1188 687 1257 742 1022
1276 687 1412 756 Cynops,

162 782 314 840 iurulenta
333 783 405 838 haec
423 782 535 850 seculo
552 797 662 852 sepone
681 783 752 840 Hec.
770 784 823 838 423
843 798 879 838 ne
897 799 915 838 a
935 784 1047 851 poculis
1066 786 1097 839 et
1112 782 1228 850 scrcrtlis
1241 799 1296 838 nos
1308 784 1411 838 distra-

163 881 218 936 has
241 881 437 944 4591221120
457 881 600 949 loquitur)
619 881 652 935 in
672 881 788 949 proprie
809 895 913 936 mensa
932 881 996 936 suis
1015 882 1131 949 paravit
1151 880 1333 936 immortalia
1352 879 1412 935 Sua

162 976 273 1044 [2111111
291 976 370 1046 Hyp.
389 978 443 1032 210
461 977 498 1033 12
517 976 692 1045 ferculorum
709 977 783 1032 luxu
803 979 834 1032 et
852 977 1016 1033 affluentia.

635 1360 845 1425 CAPUT
880 1360 938 1426 Vl.

506 1556 569 1633 De
608 1556 832 1634 vocabulis
870 1554 1065 1633 Graecis.

208 1762 442 1844 Macropedius
481 1767 521 1827 ut
559 1764 655 1827 multi
695 1764 768 1828 eius
807 1764 966 1843 aequales
1005 1781 1167 1844 magnum
1203 1764 1411 1829 Graecorum

164 1879 405 1944 vocabulorum
441 1895 622 1943 numerum
656 1879 688 1942 in
721 1879 882 1943 Latinum
914 1896 1114 1943 sermonem
1139 1897 1241 1944 suum
1265 1881 1411 1960 recepit,

164 1994 252 2074 quod
284 1995 388 2060 etiem
420 2012 441 2059 a
471 1995 646 2059 veteribus
677 1995 813 2058 comicis
841 1993 971 2058 factum
995 2011 1072 2058 esse
1095 1996 1232 2059 scimus.
1281 1994 1346 2058 Sed
1371 2012 1413 2059 ea

164 2127 251 2190 quae
285 2128 306 2174 2
336 2110 548 2192 Macropedio
579 2112 789 2190 usurpantur
820 2110 986 2174 vocabule
1009 2128 1087 2174 cum
1111 2128 1155 2174 err
1180 2110 1283 2174 variis
1307 2110 1411 2189 scrip·

164 2225 295 2290 toribus
329 2226 437 2306 petita
472 2225 559 2304 sint,
594 2226 628 2288 in
661 2226 797 2289 diverso
827 2242 953 2305 genera
982 2225 1216 2290 distribuenda
1240 2224 1409 2289 videntur.

164 2342 280 2420 Atque
303 2357 344 2405 ea
367 2357 453 2420 quae
479 2340 617 2405 Graecis
640 2341 747 2405 literis
770 2341 897 2421 scripta
917 2341 1054 2405 adhibet
1070 2340 1221 2405 hocloco
1237 2357 1305 2404 non
1322 2343 1411 2404 trac-

165 2455 329 2537 tabimuS,
363 2456 441 2536 quia
463 2457 499 2520 in
522 2457 690 2520 sermonis
713 2456 823 2521 Latini
848 2457 979 2537 copiam
1003 2456 1134 2520 adscita
1157 2472 1233 2519 esse
1258 2456 1411 2535 putanda

164 2588 231 2636 non
255 2576 348 2637 sunt.
384 2572 499 2637 Unum
523 2574 661 2637 tantum
684 2572 795 2636 locum
820 2573 1060 2651 adscribimus,
1079 2572 1133 2636 uhi
1149 2571 1235 2635 ludit
1252 2572 1411 2652 gradibus

164 2687 314 2752 adverbii
339 2693 460 2767 πόρρω
486 2692 540 2752 est
563 2691 680 2752 autem
704 2690 803 2752 Asot.
829 2689 891 2751 581
918 2705 990 2768 sqq.

609 2831 693 2883 Asot.
713 2829 829 2883 Videris
849 2830 970 2885 esurire.
1006 2829 1063 2884 Col.
1083 2830 1148 2884 1221

395 2926 462 2980 Non
479 2928 656 2991 admodum,
677 2942 745 2981 nam
766 2927 851 2981 ilium
871 2930 1037 2994 tyrannum
1058 2926 1172 2994 propuii

395 3030 483 3102 hippo
502 3028 599 3083 tribus
620 3030 732 3095 pernis,
752 3029 801 3096 qui
821 3029 921 3096 adegit
940 3044 988 3084 mo
1008 3030 1101 3091 cruci,

394 3133 496 3189 Denuo
516 3134 743 3201 propulsaturus
762 3136 832 3189 hinc
850 3140 1009 3209 πορρὼτιρω

394 3241 604 3309 Petasonibus,
623 3237 804 3315 πορρωτάτωέ
825 3243 974 3296 artocreis.

209 3367 303 3432 Inter
326 3385 367 3433 ea
390 3374 508 3434 autem
531 3372 696 3436 vocabula
719 3389 806 3451 quae
823 3372 953 3435 Latinis
969 3372 1076 3436 literis
1091 3372 1286 3436 scribuntur
1303 3371 1412 3435 multa

163 3481 268 3548 habet
301 3488 420 3549 noster
450 3503 538 3565 quae
569 3488 658 3568 apud
684 3505 803 3552 omnes
827 3488 1054 3552 usitatissima
1077 3487 1200 3551 Latina
1223 3487 1293 3551 sere
1318 3486 1408 3550 sacta

163 3601 247 3662 sunt
268 3598 411 3679 ideoque
435 3603 668 3666 enumeranda
693 3604 751 3667 vix
776 3604 953 3673 videntur.
978 3607 1035 3667 ut:

200 3741 327 3806 Aether,
360 3743 518 3809 apotheca,
549 3743 702 3811 allegoria,
730 3745 907 3807 cantharus,
935 3746 1056 3806 chorae,
1084 3744 1228 3810 cyathus,
1256 3744 1410 3810 gigantes,

163 3837 393 3905 grammaticus,
409 3839 546 3909 pelagus,
560 3840 769 3908 philosophus,
782 3841 967 3904 dialectis-ue,
980 3842 1097 3908 rhetor,
1112 3841 1245 3907 satrapa,
1259 3839 1409 3907 sophista,

163 3935 253 4003 styx,
272 3935 411 4003 tyrannis
429 3938 484 3993 cet.

208 4054 395 4122 Ecomicis
418 4059 592 4124 veteribus
616 4064 755 4141 sumpta
780 4061 956 4125 videntur:

200 4196 364 4263 choraeus,
377 4199 534 4270 colaphuS,
546 4202 672 4265 cottabi,
687 4202 743 4269 logi
758 4207 792 4270 ¹),
807 4202 976 4271 rnechaera,
991 4202 1148 4267 moechae,
1162 4214 1278 4265 morus,
1292 4201 1410 4270 obolus,

203 4450 224 4515 ¹)
242 4449 339 4505 Semel
359 4452 481 4508 tantum
503 4474 533 4502 :
554 4469 665 4523 nugae,
684 4471 758 4522 quae
777 4455 852 4510 nihil
873 4457 908 4510 ad
929 4470 991 4510 ram
1011 4455 1132 4510 faciunt.
1164 4455 1249 4508 Asot.
1268 4452 1321 4507 587
1334 4452 1409 4520 logis

164 4540 256 4598 flnem
283 4542 360 4614 face;
387 4548 500 4614 graecis
529 4548 622 4603 litoris
651 4551 735 4603 Asot.
760 4550 813 4602 052
842 4554 889 4603 sat
917 4550 1009 4621 λόγων.
1048 4549 1124 4603 Petr.
1149 4548 1216 4602 1313
1236 4548 1291 4608 212
1314 4546 1408 4618 λόγων.

162 4633 275 4691 Ceteris
293 4638 352 4705 (10)
370 4638 442 4696 locis
461 4660 493 4689 :
512 4643 609 4696 verba.
