3270 5310
732 405 774 470 33

171 600 232 665 As.
259 599 343 664 1591
369 598 555 662 Eumenius
578 597 733 662 Colacem
754 598 944 679 parasitum
960 614 1084 679 magna
1099 615 1178 664 cum
1193 599 1376 665 insolentia

125 713 266 796 imperia
288 713 351 779 sibi
375 712 515 778 dantem
538 714 587 778 sic
610 713 790 779 admonet:

447 855 532 910 Certe
550 855 659 910 emeris
678 855 771 921 pluris
790 855 836 909 cui
857 855 899 909 sic
917 855 1054 921 imperes.

328 952 379 1017 (df.
399 952 469 1007 Trin
490 952 558 1008 1061
577 953 683 1006 emere'
695 952 818 1006 meliust
836 951 882 1006 cui
902 952 1051 1018 imperes).

169 1076 233 1143 His
264 1076 343 1142 addi
365 1080 511 1158 possunt
532 1076 594 1141 loci
619 1076 769 1140 nonnulli
793 1076 850 1140 ubi
872 1075 1107 1157 Macropedius
1131 1078 1296 1142 vocabula
1319 1078 1374 1143 vel

124 1193 312 1258 locutiones
342 1191 497 1268 adhibet,
530 1208 616 1272 quae
648 1192 753 1256 semel
784 1195 922 1256 tantum
953 1209 973 1256 a
1001 1192 1123 1257 Plauto
1147 1197 1372 1274 usurpantur;

124 1325 207 1373 nam
240 1312 281 1374 ut
315 1307 412 1373 multi
447 1312 587 1389 poetae,
620 1308 676 1388 qui
707 1308 807 1372 simul
839 1308 902 1373 viri
926 1307 1016 1372 docti
1039 1312 1140 1390 sunt,
1163 1309 1198 1373 in
1222 1309 1373 1388 antiquis

124 1423 235 1505 poetis
268 1423 419 1505 legendis
453 1427 490 1488 et
523 1423 732 1505 explicandis
755 1424 812 1488 diu
837 1424 1049 1504 multumque
1075 1425 1221 1505 versati,
1245 1423 1375 1488 Macro-

124 1539 244 1621 pedlus
267 1549 335 1615 τοῖς
357 1543 448 1616 ἅπαξ
473 1546 646 1624 εἰρημένοι-ς
670 1540 870 1607 delectatur.
917 1540 1152 1605 Adscrihimus
1175 1539 1276 1604 haec:

160 1681 245 1735 Asot.
264 1681 308 1735 24.
344 1681 396 1736 Oui
416 1695 466 1735 aes
484 1695 573 1735 omne
592 1681 677 1750 conrii
695 1682 813 1735 iuvenis
832 1682 868 1736 ob
887 1681 1040 1736 lasciviam
1059 1681 1142 1746 (Trin
1160 1681 1236 1748 408).

194 1816 211 1838 „
264 1777 308 1832 90.
345 1778 546 1834 inexhaustus
564 1777 645 1833 labor
662 1781 666 1845 Ι
683 1779 754 1834 haec
773 1779 928 1845 occupavit
947 1781 1035 1833 artua
1053 1779 1132 1847 (Men
1150 1779 1223 1842 855).

168 1899 264 1965 Idem
288 1901 490 1967 vocabulum
514 1902 652 1967 adhibet
676 1902 757 1968 Reb.
785 1903 847 1967 781
872 1902 937 1968 los.
963 1903 1038 1966 682.

161 2043 246 2096 Asot.
266 2042 326 2097 138.
364 2044 485 2099 Accedit
503 2046 535 2099 et
553 2044 713 2098 inhonesta
732 2043 912 2112 semiperutic
931 2044 1014 2111 (Trin
1033 2045 1106 2107 602).

195 2183 208 2209 ‚,
266 2141 326 2196 151.
362 2140 721 2210 555195151151111525)
744 2143 762 2207 ).

196 2281 208 2305 ,,
281 2238 325 2293 98.
362 2238 411 2292 his
430 2238 614 2305 temporibus
633 2238 817 2292 altitudinem
836 2239 926 2293 accivi
947 2253 1038 2306 ocyus
1058 2238 1140 2306 (Trin
1159 2238 1233 2306 874).

195 2378 207 2405 ,
264 2335 325 2391 282.
363 2336 449 2390 modo
468 2335 555 2390 liceat
575 2349 625 2402 per
645 2336 738 2403 patris
756 2336 966 2391 senriiudr'ncm
984 2336 1078 2403 (Epid.
1096 2337 1170 2403 009).

194 2475 207 2500 ,‚
263 2432 325 2488 380.
361 2432 399 2487 Et
428 2433 542 2499 colaphi
572 2435 603 2487 et
630 2433 745 2502 alapae,
770 2436 802 2487 51
826 2433 934 2488 ulmeus
954 2433 1024 2488 liuor
1044 2435 1168 2488 manent
1188 2435 1370 2493 Tribonium.

363 2530 482 2585 Adduxi
503 2530 583 2585 hunc
601 2530 699 2585 locum
719 2532 753 2584 ut
772 2531 958 2585 observarem
978 2530 1119 2585 vocabula
1139 2531 1234 2597 115515,
1254 2531 1372 2603 liuidus,

365 2626 449 2696 livor,
469 2627 518 2682 ubi
538 2628 573 2681 do
592 2627 762 2682 verberibus
774 2629 888 2696 agitur,
902 2641 987 2694 saepe
1000 2643 1018 2682 a
1030 2628 1212 2695 Macropedio
1224 2630 1370 2701 adhiberi,

362 2726 440 2791 apud
468 2726 584 2780 veteres
612 2726 739 2780 comicos
767 2739 827 2779 non
854 2726 982 2780 inveniri
1012 2726 1068 2779 nisi
1098 2726 1182 2782 Truc.
1210 2727 1277 2782 793:
1306 2728 1370 2783 Iam

363 2821 477 2877 livorem
495 2822 583 2877 verbo
602 2821 731 2888 scapulis
749 2822 826 2877 istoc
845 2824 1005 2877 concinnas
1025 2825 1095 2878 tuis.

195 2961 207 2986 ,
264 2919 325 2974 428.
363 2919 501 2988 65515511,
534 2921 662 2989 inertes,
692 2919 903 2990 plupipatidue,
938 2921 1034 2975 adhuc
1064 2921 1139 2975 satis
1170 2922 1244 2976 livet
1271 2923 1373 2978 cutis?

363 3017 460 3085 (Most.
478 3017 532 3072 356
538 3033 546 3085 ;
564 3016 646 3084 capt.
666 3016 718 3070 472
737 3017 773 3071 (15
793 3016 953 3084 parasitis).

194 3157 207 3183 ,,
264 3114 325 3171 499.
361 3114 446 3168 Albis
464 3114 613 3182 qrrudriyis
632 3113 741 3167 evehor
760 3113 849 3179 (Asin
868 3113 943 3181 279).

195 3254 207 3280 ,
264 3212 429 3279 516,1049.
466 3211 632 3282 ipsissimus.
652 3212 699 3266 Al.
718 3211 785 3281 439,
805 3211 856 3264 471
876 3210 1019 3281 ipsissima
1038 3211 1121 3277 (Trin
1139 3211 1213 3279 988).

194 3352 207 3378 ,
248 3309 324 3363 1704.
362 3310 468 3364 scortis
488 3308 635 3363 blandulis
655 3308 957 3377 55515115511511155.
977 3308 1029 3362 342
1050 3309 1220 3363 meretrices
1237 3323 1269 3364 se
1281 3309 1373 3377 appli-

362 3408 446 3476 cant,
465 3406 654 3475 upplutinant.

159 3501 206 3558 Al.
227 3504 278 3559 167
298 3503 361 3558 bene
379 3503 497 3559 ambula
515 3505 540 3557 ct
557 3503 728 3557 redcmhnlc
745 3502 838 3570 (capt.
856 3502 930 3569 900).

159 3601 252 3657 Andr.
271 3615 332 3669 arg.
350 3602 368 3656 6
385 3615 474 3656 55555
491 3601 582 3665 (Pers.
600 3600 675 3664 597).

160 3700 226 3754 Laz.
243 3700 298 3756 626
318 3698 383 3754 15115
401 3698 528 3754 victitare
547 3698 610 3765 (Mil
629 3698 703 3764 321).

159 3796 388 3853 saccaron.
408 3797 456 3850 211³
476 3795 589 3864 leucum
609 3795 720 3849 literam
737 3794 829 3861 fucere
849 3815 880 3843 :
901 3810 932 3848 se
952 3795 1130 3861 suspendere
1150 3795 1229 3861 (Aul.
1250 3794 1303 3860 77).

188 3937 200 3964 „
249 3894 292 3949 74.
311 3908 348 3948 ne
367 3894 458 3948 huius
476 3893 594 3960 choragi
614 3893 646 3947 in
666 3907 719 3946 vos
738 3895 847 3962 crepent
866 3892 976 3947 5511551.

186 4034 200 4061 ,,
230 3992 291 4048 243.
470 3990 573 4059 Attat,
594 3993 628 4044 ut
646 3991 678 4044 in
699 4004 753 4044 nos
772 3992 916 4059 morturani
935 3989 1054 4057 5511551,

301 4088 332 4144 Si
350 4087 487 4143 exactius
506 4089 677 4156 praeceptor
695 4087 859 4154 inquireret
878 4088 913 4141 ad
934 4100 1065 4154 unguem
1085 4085 1214 4153 singula.

158 4186 211 4254 101.
231 4185 327 4241 Plaut.
346 4185 427 4240 Trin.
447 4185 514 4240 1011
534 4183 610 4239 Cave
630 4184 672 4237 sis
684 4184 754 4252 tibi,
768 4198 804 4237 nc
818 4183 918 4238 bubuli
933 4184 964 4237 in
978 4185 1008 4237 to
1022 4182 1125 4236 5511511
1137 4182 1228 4237 crebri
1243 4185 1371 4253 capent).

167 4309 326 4375 Plautina
349 4325 495 4390 persona
518 4309 644 4372 citatur
669 4307 759 4372 Petr.
786 4308 860 4372 449.

479 4449 545 4504 Huc
565 4447 660 4516 profer
680 4448 819 4516 lacertoS,
839 4463 875 4502 ne
896 4447 984 4502 simul

160 4644 181 4709 ¹)
210 4644 316 4700 Postea
334 4658 352 4698 a
372 4642 515 4699 lambino
535 4643 689 4696 mutatum
710 4641 742 4696 in
761 4640 924 4710 nupivendis
944 4641 979 4695 cf.
999 4640 1065 4694 Non
1094 4641 1160 4710 144,
1179 4642 1223 4694 29.

1247 4737 1263 4787 3
