3270 5310
780 399 843 462 149

291 592 406 674 Quod,
429 609 507 658 cum
530 591 685 657 Rebeiles
709 591 863 671 primiter
886 592 1037 657 dedisset
1061 594 1095 656 in

291 709 436 789 Lucem,
459 708 554 773 iuere
578 709 636 790 qui
659 724 780 790 parum
803 708 858 773 vel
882 708 1016 773 candidi

289 824 353 890 Vel
377 824 500 891 eruditi
523 825 692 906 dicerent,
717 824 806 906 quod
830 824 979 889 fabulam

292 941 468 1022 Tanquam
492 941 556 1005 sibi
580 941 752 1022 propriam
775 941 920 1006 alienam
946 941 1129 1020 venderet3

237 1109 244 1122 .
292 1056 395 1137 Quasi
418 1057 645 1122 adulterinam
669 1060 709 1122 ut
732 1057 902 1138 propriam
926 1056 1106 1121 Terentius

290 1173 422 1255 Aedat‚
446 1174 535 1255 quod
558 1173 725 1238 Andriam
750 1190 795 1239 ex
818 1173 1004 1238 Menandro
1027 1173 1224 1238 transierat.

292 1287 435 1353 Fatetur
458 1289 603 1369 ingenue
626 1293 727 1354 autor
750 1290 840 1370 ipse,
865 1289 929 1354 sibi
952 1289 1046 1369 prius

290 1403 411 1469 Visam
434 1405 497 1470 sub
520 1408 722 1486 argumento
746 1406 866 1471 eodem
889 1405 1052 1487 fabulam,

292 1518 400 1585 Prusa
422 1520 512 1585 haud
537 1524 647 1586 metro
671 1521 835 1601 scriptam
859 1521 901 1586 ab
926 1521 1089 1586 Helicone
1113 1521 1334 1601 brevissime,
1359 1523 1395 1584 et

238 1689 244 1700 .
292 1636 422 1701 Arrisit
443 1637 529 1702 adeo
552 1637 770 1719 hypothesis,
797 1642 836 1702 ut
859 1637 1058 1702 decerneret

292 1752 452 1817 Tractare
476 1753 619 1817 eandem
644 1752 822 1816 honestius
846 1768 907 1816 seu
935 1752 1107 1831 comicos,

295 1867 409 1949 Longe
432 1870 549 1934 tamen
573 1868 638 1933 alio
662 1868 780 1933 ordine
803 1871 906 1947 atque
930 1872 1091 1932 scemate.

292 1983 390 2048 Nunc
413 1984 487 2049 eius
510 2001 554 2048 an
578 1984 625 2048 sit
647 1984 857 2065 adulterina,
882 1984 1046 2049 candidus

293 2099 360 2164 Ubi
384 2100 568 2165 contulerit
590 2103 772 2180 utramque
795 2100 902 2164 lector
925 2100 1060 2165 iudicet.

239 2265 246 2279 .
294 2215 344 2280 Ut
367 2216 471 2296 igitur
495 2216 705 2281 obtrectator
728 2215 757 2280 is
781 2215 906 2281 habeat
928 2215 1010 2295 sihi,

292 2330 385 2411 Quod
410 2348 478 2396 nou
502 2335 606 2413 queat
628 2332 813 2413 lacessere,
839 2331 939 2396 sindli
964 2331 1100 2412 quidem

293 2446 366 2512 Iam
389 2447 471 2512 lusit
495 2447 693 2529 hypothesi,
717 2448 807 2512 haud
831 2449 966 2527 eadem,
992 2448 1112 2511 denuo.

291 2562 341 2627 Ut
364 2562 396 2627 id
420 2563 508 2644 quod
533 2563 598 2627 illis
620 2563 752 2644 taedio,
776 2564 875 2628 vobis
899 2564 966 2627 siet

293 2678 502 2744 Iucunditati
526 2679 707 2744 maximae.
746 2679 817 2743 Vos
841 2679 957 2760 itaque
981 2679 1058 2743 huic

241 2850 245 2858 .
295 2793 469 2876 Quotquot
492 2795 628 2860 theatro
651 2794 782 2860 adestis
806 2811 865 2859 oro
890 2798 926 2858 et
949 2795 1106 2874 obsecro,

293 2910 343 2975 Ut
365 2927 505 2990 prorsus
529 2910 686 2976 omnibus
709 2910 876 2975 abdicatis
899 2911 1022 2975 fabulis

295 3023 462 3107 Omniqu'e
486 3026 635 3106 strepitu
657 3044 696 3091 ac
719 3026 837 3106 sibilo,
862 3027 971 3091 nostri
996 3028 1108 3107 gregis

294 3142 419 3206 Aureis
441 3141 606 3221 benignas
629 3141 823 3221 praebeatis
846 3142 964 3224 luciis,

295 3257 346 3322 Ne
371 3258 485 3322 fructu
509 3261 544 3322 et
566 3258 716 3323 utilitate
741 3275 804 3323 vos
828 3257 1029 3339 privemini,

241 3427 247 3439 .
296 3374 479 3455 Nostrique
503 3374 659 3439 inutilem
681 3374 832 3439 laborem
855 3375 1114 3454 assumpserint.

296 3490 456 3555 Inutilem
480 3490 686 3555 arbitramur
710 3491 829 3570 utique
854 3491 935 3555 dum
959 3493 1061 3555 vacat

296 3606 519 3686 Attentione,
543 3605 656 3670 labore
680 3609 780 3686 parta
804 3606 921 3670 oratio.

297 3720 333 3785 Si
356 3721 544 3786 identidem
567 3737 630 3785 vos
654 3721 700 3785 nil
725 3739 858 3803 quoque
882 3721 1173 3791 animadvertitis,

296 3836 442 3901 Domum
465 3837 619 3916 proiecto
642 3837 721 3901 hinc
744 3836 872 3918 absque
896 3836 992 3916 fruge
1016 3835 1181 3900 redibitis.

196 3955 249 4018 55.
298 3951 468 4032 Quiescite
493 3953 625 4034 itaque,
649 3952 769 4017 adeste
794 3970 872 4017 curu
900 3951 1036 4016 silentio

296 4067 470 4148 Musisque
493 4067 646 4132 candidis
670 4068 785 4133 favete
810 4067 962 4144 candidi;

297 4183 381 4248 Post
404 4183 557 4248 horulam
581 4202 686 4249 unam
710 4188 770 4249 aut
794 4184 937 4249 alteram
961 4183 1179 4247 amittemini.
