3270 5310
777 398 841 462 198

189 594 283 657 1355.
331 592 486 656 Eduoite!
534 591 612 655 sm.
643 591 869 670 Exequemur.
916 590 1000 656 Fun.
1029 590 1126 671 Heu,
1150 591 1289 672 clangor
1312 593 1434 656 tubae!

333 707 404 772 luo.
430 707 577 788 Lorarii,
602 706 766 787 Liturgon
791 706 990 771 absolutum
1011 705 1093 771 hero

332 823 514 902 Reduoite,
540 824 575 887 et
599 824 703 902 gnato
727 839 850 887 aureos
876 838 961 902 quos
984 821 1110 887 abstuli

333 938 536 1003 Parentibus
560 938 744 1003 restituite.
792 937 872 1002 Lon.
898 937 1005 1016 Hem,
1030 938 1235 1019 parebimus.

334 1055 416 1119 Pan.
440 1055 486 1118 Te
510 1071 663 1135 semper,
688 1053 816 1133 optime
840 1053 997 1135 Praetor,
1022 1057 1059 1118 et
1082 1054 1200 1119 laudes
1223 1057 1303 1119 tuas

191 1172 285 1236 1360.
333 1170 404 1234 Nos
428 1169 715 1250 praedicabimus,
740 1168 860 1249 dieque
885 1169 1026 1240 crastini

335 1285 432 1350 Grati
457 1286 585 1349 erimus
608 1285 672 1349 hae
695 1301 799 1366 super
822 1288 884 1349 tua
907 1285 1099 1349 elementia.

336 1401 407 1467 luo.
431 1401 571 1464 Iamiam
596 1402 653 1465 sat
676 1403 864 1481 gratatum3
889 1399 979 1465 abite
1003 1400 1046 1464 ad
1071 1399 1204 1466 liberos.

336 1516 415 1581 Sar.
440 1516 504 1581 Hic
527 1533 652 1590 verna,
677 1518 714 1580 et
737 1516 789 1580 hio
814 1520 868 1580 est
892 1516 1066 1580 residuum
1091 1515 1264 1597 pecuniae.

335 1631 419 1696 Pie.
444 1631 554 1705 Ades,
579 1630 736 1712 Liturge3
761 1630 938 1696 effecimus
962 1635 997 1696 te
1020 1631 1160 1712 iniuria,

193 1748 289 1810 1365.
337 1747 466 1812 Verum
489 1748 588 1811 bonis
611 1746 800 1826 potioribus
824 1747 1055 1827 pensabimus.

661 1989 965 2003 ——-—-—--

433 2228 567 2306 Actus
605 2229 794 2325 quintus.
866 2226 1033 2306 Scaena
1068 2246 1195 2305 nona.

233 2601 455 2666 Dronsomus
502 2600 698 2665 Pararsons.
744 2600 935 2665 Panormos.
982 2600 1166 2665 Lmunous.
1215 2599 1407 2666 Gnoaruus

340 2792 414 2857 Dm.
440 2793 620 2857 Comectus
644 2810 698 2869 es,
724 2793 892 2874 Petrisoe,
916 2793 1024 2858 multo
1048 2793 1164 2858 mitius

341 2909 449 2989 Quam
474 2910 502 2973 si
526 2910 615 2974 cruci
638 2909 783 2973 suffixus
806 2926 902 2973 esses
925 2909 1076 2989 debitae;

340 3025 438 3090 Nune
461 3025 576 3106 itaque
601 3041 713 3089 mores
737 3028 840 3105 atque
864 3024 978 3090 studia
1001 3025 1138 3105 corrige.

340 3142 440 3206 Para.
465 3141 668 3222 correxere,
693 3144 911 3221 praeceptor,
935 3143 1038 3221 atque
1063 3139 1207 3220 gratiam

199 3260 293 3324 1370.
341 3258 427 3322 Olim
452 3257 530 3337 tibi,
555 3257 583 3320 si
606 3257 706 3321 modo
730 3259 891 3337 parentes
914 3255 1103 3337 negligant,

341 3373 551 3454 Rependero.
599 3371 672 3436 Dm.
697 3372 776 3436 Mox
800 3372 978 3454 procidens
1002 3373 1200 3452 parentibus

342 3488 489 3553 Veniam
512 3504 609 3568 roga,
634 3488 712 3552 dein
736 3505 796 3569 pro
819 3488 958 3568 Liturgo
981 3487 1170 3568 interveni,

343 3605 392 3668 Ut
415 3604 516 3669 liceat
540 3620 616 3668 esse
640 3603 763 3684 libem,
788 3603 844 3682 qui
868 3619 929 3682 pro
953 3603 1024 3667 tuis

344 3719 562 3785 Facinoribus
586 3719 760 3783 coniectus
784 3723 838 3783 est
860 3720 894 3782 in
919 3718 1063 3784 vincula.

201 3840 295 3902 1375.
343 3836 483 3900 Adsunt
505 3839 676 3915 parentes.
724 3834 810 3899 Mus.
836 3834 862 3898 Ο
886 3833 1057 3915 Petrisoe,
1082 3837 1159 3914 quis
1182 3833 1282 3899 malis

343 3951 519 4031 Adegeras
544 3953 598 4031 te,
623 3967 677 4013 me
702 3953 738 4013 et
761 3953 896 4029 patrem
920 3952 1019 4014 tuum
1042 3950 1228 4032 optimum!

345 4068 445 4131 Pana.
469 4066 638 4145 Ignoscite
662 4065 749 4129 hano
773 4065 855 4129 mihi
878 4067 1040 4145 parentes
1063 4064 1221 4143 noxiam3

345 4183 421 4247 Non
445 4181 566 4245 amodo
590 4181 800 4245 commisere.
847 4180 930 4244 Pan.
957 4179 1055 4244 Hane
1079 4178 1296 4259 ignoscimus.

346 4272 419 4362 Dru.
436 4297 529 4360 Beue
545 4295 669 4360 facitis.
695 4294 796 4359 Para.
813 4295 935 4358 Adhuc
951 4297 1015 4375 est,
1032 4296 1141 4375 pater,
1158 4293 1247 4375 quod
1264 4297 1299 4358 te
1317 4310 1453 4376 rogem:

204 4417 297 4482 1380.
347 4413 397 4477 Ob
421 4428 498 4476 mea
520 4410 671 4475 facinora
694 4410 843 4490 pessime
867 4409 1030 4490 Liturgus
1053 4409 1107 4473 hic

347 4528 502 4593 Affectus
527 4529 599 4605 eet;
623 4542 703 4605 rogo
727 4526 826 4590 liceat
850 4542 926 4589 esse
949 4525 1063 4590 libero

347 4644 421 4708 Dm.
446 4643 602 4706 Profecto
626 4641 780 4706 meritus.
828 4640 912 4706 Gan.
936 4641 1093 4722 Liturge,
1118 4644 1153 4704 te
1177 4655 1281 4704 manu
