3270 5310
138 1367 336 1494 Epistulae
356 1368 573 1495 exemplum
592 1400 639 1465 ex
659 1372 888 1497 llacropedii
904 1371 1116 1498 Epistolica
1129 1375 1388 1501 desumptum.

630 1651 888 1659 ———--—

388 1908 561 1997 Paradigma
585 1907 783 1978 defensoriam
808 1910 838 1978 in
863 1909 955 1980 Statu
980 1911 1135 1981 Absolute.

10 2347 126 2402 nuntio.
186 2337 280 2417 Quod
316 2353 383 2401 non
419 2336 508 2416 ipse,
545 2337 739 2400 venerande
771 2341 987 2417 praeceptor,
1018 2336 1060 2401 ed
1086 2341 1121 2402 te
1145 2338 1301 2420 veniam,
1326 2341 1386 2405 sed

138 2454 248 2517 literis
279 2453 332 2516 his
362 2451 584 2532 apologeticis
615 2469 753 2516 causam
785 2469 897 2516 meam
925 2452 1106 2517 defendere
1131 2453 1265 2531 malim,
1291 2455 1324 2519 id
1349 2456 1385 2519 in

138 2586 241 2633 causa
275 2572 348 2648 est,
385 2567 474 2648 quod
509 2566 676 2632 audierim
711 2571 747 2631 te
782 2568 1038 2633 accusatoribus
1073 2570 1159 2633 meis
1190 2570 1279 2635 forte
1311 2571 1387 2651 plus

138 2685 226 2749 satis
259 2700 360 2749 aures
395 2683 591 2764 praebuisse
623 2683 795 2764 credulas,
828 2687 865 2748 et
895 2700 963 2748 non
992 2684 1104 2749 solum
1128 2685 1211 2749 mibi
1235 2687 1388 2767 graviter

138 2817 357 2881 succensere,
393 2800 453 2864 sed
489 2799 595 2864 etiam
626 2799 789 2881 Petrisei,
813 2800 1054 2865 commilitonis
1078 2802 1163 2883 mei,
1188 2802 1389 2882 parentibus

138 2916 343 2982 sumendum
382 2915 423 2980 de
462 2932 516 2980 me
556 2915 761 2997 supplicium
796 2916 1000 2998 promisisse.
1049 2917 1249 2982 consultius
1283 2917 1390 2999 igitur

138 3034 264 3097 absens
279 3031 428 3096 iudicavi
444 3033 653 3096 commotum
670 3032 817 3112 pectoris
833 3031 884 3095 tui
901 3032 1052 3096 animum
1069 3032 1215 3113 epistola
1231 3033 1389 3114 mitigare

139 3165 243 3229 quam
270 3147 453 3212 temerario
477 3164 619 3211 occursu
642 3147 684 3211 ad
709 3146 906 3240 indignate
929 3163 1126 3227 provocare.
1176 3148 1219 3211 uu
1243 3148 1326 3212 lieet
1350 3148 1390 3212 de

139 3266 192 3345 te,
225 3262 278 3327 vir
309 3261 591 3343 pmdentissime,
624 3262 704 3326 nihil
735 3262 908 3342 indignum
942 3262 1105 3342 suspicari
1134 3261 1298 3338 debeam,
1324 3279 1392 3327 non

139 3379 234 3460 potui
271 3383 386 3464 tamen
421 3378 512 3442 hunc
548 3378 655 3442 menti
692 3394 787 3442 meae
823 3395 962 3458 prorsus
994 3379 1142 3442 eximere
1174 3377 1391 3459 scrupulum,

139 3495 237 3576 quin,
261 3495 460 3576 priusquam
484 3511 589 3559 eausa
614 3493 769 3573 diligenti
794 3494 950 3558 examine
972 3493 1125 3557 discussa
1144 3493 1251 3573 foret,
1269 3493 1393 3558 iniuria

139 3610 331 3675 caedendus
366 3627 497 3690 essem,
533 3609 622 3689 quod
653 3609 786 3673 soleant
816 3609 1000 3673 admodum
1024 3607 1262 3674 adolescentes
1287 3610 1393 3674 etiam

141 3731 218 3792 tuta
240 3727 491 3807 pertimescere.
535 3725 647 3791 Audio
670 3725 840 3789 delatores
864 3741 976 3806 meos,
1002 3740 1123 3805 nempe
1144 3728 1309 3804 parentes
1326 3743 1395 3791 una

140 3861 218 3907 cum
252 3843 318 3907 filio
353 3859 414 3907 suo
450 3841 602 3906 Petrisco
637 3841 746 3905 tribus
778 3857 832 3904 me
864 3840 992 3919 pariter
1020 3839 1110 3920 apud
1135 3843 1170 3904 te
1195 3839 1393 3905 criminibus

140 3975 338 4040 accusasse,
363 3957 558 4022 maiestatis
583 3956 758 4037 videlicet,
781 3955 942 4020 lasciviae
966 3957 1003 4019 et
1026 3954 1181 4038 rapinae;
1207 3955 1391 4035 dequibus

140 4078 180 4139 ut
203 4092 257 4139 me
280 4075 421 4155 probem
443 4074 679 4153 innocentem,
701 4073 789 4152 quod
807 4072 937 4136 laetum
956 4074 1029 4151 est,
1046 4070 1128 4134 nihil
1145 4071 1282 4135 omnino
1299 4071 1391 4158 dissi·

140 4190 291 4272 mulans,
316 4208 361 4254 ex
385 4190 501 4254 ordine
525 4190 585 4254 tibi
609 4188 760 4253 breviter
785 4189 982 4253 recensebo.

186 4307 298 4387 Quum
321 4305 571 4371 nudiustertius
596 4305 795 4369 remissione
820 4304 917 4369 nobis
943 4304 1035 4368 facta
1059 4303 1300 4368 electionibus
1316 4320 1393 4367 cum

140 4424 254 4504 probis
288 4421 471 4488 admodum
507 4425 543 4486 et
577 4421 768 4486 litterarum
801 4420 964 4484 studiosis
996 4419 1285 4484 commilitonibus
1309 4419 1395 4483 meis

141 4544 278 4604 montes
312 4553 492 4617 arenosos,
528 4553 614 4617 quos
646 4536 946 4601 Amerslordianos
978 4538 1123 4609 vocant,
1156 4534 1261 4598 animi
1285 4534 1395 4614 gratia

142 4655 381 4735 accessissem,
417 4653 656 4732 iunxissetque
691 4669 728 4716 se
764 4653 878 4728 nobis,
914 4651 996 4715 licet
1026 4650 1209 4715 invocatus
1237 4653 1273 4714 et
1296 4664 1396 4729 aegre

1255 4763 1285 4813 15
