3270 5310
865 394 927 458 172

397 589 504 653 Grion.
530 587 669 652 Videbo.
707 587 772 651 Ubi
795 587 848 651 bic
871 588 1013 652 fumus?
1059 587 1142 655 Mrs.
1168 588 1325 654 Secundo
1348 590 1451 671 ades,

1201 704 1409 786 impudens?

395 819 499 884 Feras
522 819 671 883 secundo
695 821 840 899 oportet.
878 818 967 883 Hem
990 819 1068 883 tibi!
1114 819 1221 886 Guos.
1247 820 1391 885 Malumi
1436 822 1522 890 Gan.

1348 936 1476 1002 Habet.

395 1051 477 1117 Mrs.
503 1051 597 1115 Tune
622 1050 685 1115 es?
709 1050 821 1115 visum
845 1052 1019 1129 putabam.
1044 1051 1128 1132 Abi,
1152 1051 1242 1131 quod
1265 1051 1373 1116 babes
1396 1055 1488 1119 tene.

395 1166 478 1230 Gan.
516 1165 627 1230 Redit.
665 1164 750 1245 Quid
781 1166 862 1229 est?
898 1164 1067 1229 Fumosne
1091 1165 1242 1230 nondum
1266 1170 1433 1246 expertus
1457 1170 1523 1232 es?

271 1282 346 1346 655.
395 1281 503 1346 duos.
527 1280 629 1345 Haud
654 1281 756 1345 miror
779 1280 952 1360 equidem,
978 1280 1066 1360 quod
1092 1280 1190 1346 modo
1206 1281 1290 1346 haec
1306 1280 1444 1346 fumosa
1460 1282 1522 1359 sit,

395 1398 481 1462 Cum
504 1400 604 1462 extra
628 1397 741 1461 focum
764 1397 855 1477 ligna
878 1398 1023 1461 ardeant
1045 1397 1200 1464 virentia.

395 1513 498 1578 Cuius
521 1514 642 1578 domus
666 1513 726 1577 tali
750 1529 830 1593 rogo
853 1512 944 1577 baud
969 1512 1104 1577 fumosa
1127 1514 1200 1578 sit?

395 1629 498 1695 Cuius
523 1630 609 1694 oculi
632 1629 725 1693 fumo
749 1629 822 1709 pari
844 1645 913 1693 non
936 1628 1105 1710 lippiant?

395 1745 479 1810 Gan.
504 1743 666 1825 Hahahe,
691 1747 726 1808 te
750 1746 787 1807 et
810 1744 993 1824 experirier
1017 1744 1129 1809 fumos
1153 1760 1247 1809 meos

271 1861 346 1925 660.
395 1860 602 1941 Opportuit?
650 1861 756 1926 Grion.
782 1859 918 1940 Vicine,
942 1876 1079 1942 camno,
1104 1860 1261 1942 obsecre,

395 1976 438 2040 Et
462 1977 589 2057 optimo
614 1976 692 2041 vino
716 1993 914 2040 serenemus
938 1977 1070 2056 oculos余

396 2091 603 2157 Moeroribus
626 2092 823 2156 medeamur
846 2092 898 2155 bis
921 2091 1057 2156 Bromio
1080 2108 1178 2157 sacro

395 2208 577 2287 Laetisque
601 2208 705 2288 poclis
728 2207 908 2271 abluamus
931 2207 1051 2273 tristia.

397 2324 480 2390 Gan.
513 2324 639 2389 Placet.
688 2323 796 2388 Guoa.
826 2322 910 2403 Quid
935 2341 997 2403 age
1021 2323 1089 2405 dic,
1114 2324 1159 2387 mi
1185 2322 1331 2396 Galene,
1357 2323 1438 2402 quid
1463 2324 1524 2387 tibi

272 2441 346 2505 665.
395 2439 480 2504 Cum
503 2439 561 2503 illa
584 2439 738 2520 negocii?
786 2438 870 2506 Gan.
896 2439 1041 2503 Audies:
1066 2442 1210 2519 gnatum
1233 2455 1365 2519 meum,

396 2554 490 2635 Quod
515 2555 667 2620 clanculo
691 2555 858 2635 quaedam
883 2555 983 2619 domo
1007 2554 1167 2635 abstulit,
1192 2554 1325 2618 acribus

395 2670 496 2735 Caedi
520 2670 662 2750 flagellis
685 2671 859 2735 iusseram.
907 2670 1015 2736 Gnorr.
1041 2669 1161 2735 Merito
1185 2668 1331 2749 quidem.

396 2785 479 2851 Gan.
505 2786 542 2849 id
567 2802 654 2850 uxor
677 2786 810 2866 aegrius
834 2785 947 2850 ferens
971 2785 1066 2865 (quia
1089 2784 1156 2849 fiiio

395 2901 553 2981 Indulget
577 2900 668 2965 ultra
691 2917 794 2981 quam
817 2905 874 2964 sat
897 2900 966 2986 est)
991 2917 1045 2965 me
1069 2899 1254 2980 primulum
1278 2917 1321 2964 ex

272 3019 346 3082 670.
394 3019 488 3097 Agro
511 3034 688 3082 reversum
711 3016 867 3096 obiurgat
889 3015 1139 3097 impudentius余

394 3133 481 3198 Cum
504 3133 624 3197 deinde
649 3133 755 3197 totius
779 3133 857 3196 mali
880 3133 990 3213 ipsam
1013 3132 1160 3196 dicerem

396 3249 539 3313 Fontem
563 3252 667 3328 atque
691 3248 870 3328 originem,
895 3248 1065 3312 virentem
1089 3247 1262 3324 insaniens

395 3364 536 3429 Fustem
560 3380 635 3428 meo
659 3364 755 3428 illidit
780 3364 934 3428 levatum
958 3364 1087 3429 vertici.

396 3479 503 3545 (ison.
528 3479 613 3544 Post
637 3480 706 3545 tale
731 3480 861 3544 tonitru
883 3479 1064 3561 hymbrem
1087 3479 1184 3559 sequi
1208 3495 1349 3543 necesse
1373 3480 1469 3556 erat3

273 3597 348 3661 675.
397 3595 463 3660 Sed
487 3597 663 3660 sustines?
710 3595 794 3661 Gan.
819 3595 896 3660 Non
919 3595 1143 3677 sustinerem,
1168 3595 1360 3676 Gnoryme,

394 3710 429 3776 Si
453 3711 533 3776 mihi
556 3712 694 3792 perinde
718 3712 851 3791 placeat
874 3728 913 3775 ac
937 3710 1168 3790 tranquillitas

395 3827 572 3908 Turbatio余
596 3828 744 3908 primum
766 3827 856 3891 hunc
879 3827 1005 3907 feram,
1030 3843 1097 3890 non
1121 3825 1279 3891 alterurn.

396 3943 502 4008 Guoa.
529 3943 618 4008 Dum
641 3944 775 4008 animus
799 3943 944 4022 quiescit
966 3942 1116 4022 coniugis
1139 3942 1273 4005 secreto
1296 3939 1367 4016 adi,

395 4059 584 4138 Expostuia
609 4060 733 4124 acriter
756 4076 833 4123 cum
857 4076 898 4123 ea
922 4059 963 4122 de
987 4057 1144 4138 singulis余

273 4175 348 4239 680.
398 4173 432 4238 Si
456 4175 598 4239 ienitate
622 4174 775 4255 flexeris,
800 4174 899 4254 louge
923 4173 1101 4253 optimum

397 4289 479 4355 Gan.
496 4290 539 4353 Et
554 4290 638 4354 haec
655 4307 732 4354 mea
747 4292 803 4354 est
818 4290 1000 4357 sententia
1033 4288 1139 4354 Guoa
1157 4286 1258 4368 Hom,
1271 4286 1434 4351 cedamus
1445 4285 1524 4370 bac,

396 4405 588 4486 Contraque
613 4423 712 4470 curas
735 4407 932 4470 hauriamus
954 4405 1123 4485 congium.
