3270 5310
797 389 860 453 176

204 584 277 648 765.
325 582 491 646 Parnaso.
517 581 689 646 Ducamus
712 581 821 646 intro!
847 581 1045 664 Ingredere,
1069 583 1153 648 belle
1175 583 1343 665 amicula,

231 751 235 759 .
325 697 523 778 Ingredere!
550 696 634 776 Quid
660 697 735 762 vult
757 697 831 761 erui
855 696 1100 763 femoralibus?

325 813 426 877 Puro.
452 812 606 877 Primum
629 813 782 877 omniurn
806 813 920 877 afferri
944 813 1059 877 iubete
1084 813 1240 878 celeriter

325 928 420 994 Trois
445 928 564 1008 optimi
590 929 695 993 musti
720 928 839 992 falerni
864 929 1018 1008 congios;

325 1043 436 1108 Bellos
460 1060 603 1124 agamus
625 1043 864 1124 homunculos,
888 1059 986 1109 meae
1010 1044 1198 1109 animulae!

271 1209 277 1224 .
325 1159 375 1222 En
399 1175 524 1223 aureus
548 1159 746 1238 philippens.
795 1159 981 1226 Pnruocuu.
1007 1160 1269 1226 Pulcherrimua

326 1274 460 1355 Puella,
485 1275 581 1339 ades!
606 1275 753 1354 primum
778 1275 900 1354 introi,
926 1278 1001 1340 turn
1025 1275 1160 1341 misero.

326 1389 414 1454 Nam
438 1390 607 1469 quispiam
631 1391 666 1453 in
691 1391 767 1454 vico
790 1390 933 1470 strepit,
958 1406 1001 1454 ne
1024 1389 1114 1454 forte
1137 1405 1205 1454 nou

326 1505 421 1570 Velis
445 1506 601 1570 viderier.
650 1505 751 1570 Pura.
777 1505 925 1587 Sequor,
950 1505 1134 1585 strepitum
1158 1504 1269 1570 audie.

673 1748 978 1764 ——-.——

429 1985 565 2063 Actus
604 1987 798 2082 quartus.
875 1983 1041 2063 Scaena
1077 1985 1220 2066 tertia.

507 2348 686 2412 Rusrrcus.
734 2347 910 2412 omiseris.
958 2347 1150 2414 Srrrrsoua

327 2532 511 2597 Pecuniam
535 2531 618 2595 mihi
643 2531 788 2595 tradidit
811 2532 865 2595 vir
887 2531 1034 2598 urbicus

250 2650 277 2712 '.
327 2648 393 2711 Sed
418 2646 625 2711 fraudulenti
649 2647 898 2727 utplurimum
922 2650 1005 2710 sunt
1029 2648 1135 2712 urbici

326 2763 370 2826 Et
394 2762 523 2826 rustico
547 2762 745 2842 imponunt,
771 2765 900 2841 queant
923 2762 1023 2827 modo
1047 2762 1233 2828 commode.

325 2878 449 2942 leciroo
474 2876 517 2962 (si
541 2877 687 2964 sapiam)
711 2878 911 2958 priusquam
936 2878 1093 2959 abivero,

329 2994 550 3060 Numeranda
573 2995 685 3059 denuo
709 2998 781 3076 est,
807 2999 844 3059 et
866 2995 1074 3076 exploranda
1096 2996 1127 3059 si

326 3111 380 3176 Sit
402 3110 486 3175 iusti
509 3109 566 3198 (ut
589 3110 716 3196 inquit)
740 3110 917 3189 ponderis,
944 3113 1150 3190 monetaque

272 3281 277 3292 .
326 3227 361 3291 Si
385 3227 518 3306 publica
543 3229 579 3291 et
602 3227 746 3306 probata
769 3226 825 3292 sit.
874 3227 983 3291 Locus
1008 3229 1111 3306 aptus
1134 3226 1199 3292 hic.

326 3343 406 3407 Cra.
432 3342 584 3407 Fortuna
607 3343 676 3406 iam
700 3342 815 3423 favet,
840 3342 940 3406 video
964 3342 1154 3422 pecuniam.

326 3458 422 3523 Srrr.
448 3457 539 3522 Nihil
563 3459 711 3522 interest
734 3458 826 3523 inter
849 3458 966 3522 videre
991 3460 1028 3523 et
1050 3457 1201 3522 habere?
1248 3456 1341 3521 Ubi?

326 3574 406 3639 Onu.
432 3573 525 3637 Ubi?
573 3572 724 3638 Videsne
748 3573 884 3652 stupide
910 3573 1087 3654 stupidum
1112 3572 1279 3637 rusticum
1384 3557 1386 3560 ’

326 3689 493 3754 Nummos
516 3705 598 3753 suos
622 3692 862 3753 numerantem
886 3689 928 3751 ad
953 3689 1057 3752 aedes
1080 3687 1283 3767 proximas?

271 3858 276 3869 .
325 3804 421 3870 Srrr.
446 3804 573 3884 Video,
599 3804 658 3867 sed
683 3821 728 3867 an
753 3803 816 3866 tibi
840 3806 1000 3868 numeret
1023 3819 1092 3867 non
1117 3807 1173 3867 sat
1196 3802 1277 3867 scio.

325 3921 405 3986 Ona.
430 3919 599 3985 Numerat
623 3919 706 3982 mihi
730 3921 767 3982 et
791 3919 854 3984 tibi
879 3935 917 3984 se
941 3918 1036 3986 velis.
1068 3918 1165 3984 Srrr.
1190 3916 1277 3982 Volo
1293 3917 1457 3999 aedepol,

326 4036 391 4100 Sed
417 4053 482 4116 quo
508 4035 633 4099 modo?
681 4035 761 4100 Cra.
788 4034 921 4099 Docebo
945 4037 981 4098 te
1005 4033 1219 4098 brevissime.

326 4151 421 4216 Srrr.
448 4150 626 4215 Ausculto.
673 4151 752 4214 Cra.
778 4149 883 4230 lunge
907 4152 944 4214 te
968 4150 1062 4225 viro,
1087 4151 1192 4228 atque
1215 4147 1372 4213 cominus

325 4266 442 4329 Affare
465 4265 655 4343 blanditer;
680 4265 759 4329 inde
784 4268 821 4329 et
844 4265 936 4329 inter
959 4264 1092 4330 fabulas

204 4385 278 4448 790.
327 4382 514 4446 Nummum
538 4380 687 4444 subduce
712 4380 917 4461 quemlibet,
942 4379 1019 4444 dein
1044 4377 1197 4442 viculum

326 4498 371 4561 Te
396 4497 431 4560 in
455 4497 638 4560 dexterum
663 4512 744 4560 mox
767 4495 911 4575 proripe.
960 4494 1055 4560 Sam.
1082 4494 1183 4560 Hem.
1230 4492 1310 4558 cin.
1337 4493 1410 4558 Sile

1185 4626 1316 4689 parurn.
