3270 5310
860 368 923 431 156

488 666 624 745 Actus
661 666 839 764 primus
915 663 1081 744 Scaena
1118 669 1283 764 quarta.

792 890 994 897 ——-————-—-

667 1049 871 1114 Mrsuunan.
919 1049 1113 1115 Pmmsous.

391 1241 483 1322 Quos
506 1243 653 1309 eiulatus
677 1243 777 1308 audio
800 1259 861 1323 pro
884 1243 937 1307 his
960 1243 1125 1308 aedibus?

392 1357 473 1438 Quis
496 1358 715 1441 lachrymat?
739 1359 813 1423 tun'
838 1359 883 1423 mi
906 1358 1058 1424 Petrisce
1081 1359 1301 1441 lachrymas?

391 1473 492 1538 Pura.
525 1474 594 1556 Ego
626 1474 819 1556 lachrymo,
843 1479 965 1541 mater.
1012 1474 1098 1540 Mrs.
1124 1474 1247 1540 Fetere
1271 1474 1352 1556 quid
1376 1475 1521 1551 accidit;

268 1590 344 1655 235.
391 1589 483 1655 Num
506 1606 628 1656 caesus
651 1590 715 1655 es?
762 1590 863 1654 Pera.
890 1589 1115 1666 Gravissime,
1140 1608 1161 1656 o
1184 1593 1312 1669 mater,
1337 1590 1454 1671 flagris

391 1705 585 1770 Acerrimis.
632 1705 718 1771 Mra.
745 1706 829 1786 Quid
853 1705 1011 1771 feceras?
1057 1706 1159 1772 Pera.
1184 1706 1330 1771 Prorsus
1353 1706 1454 1786 nihil,

391 1821 429 1885 ln
454 1822 670 1887 innocentem
694 1822 785 1887 enim
808 1822 872 1888 hoc
895 1822 996 1887 modo
1019 1823 1206 1888 bacchatus
1229 1825 1285 1887 est

393 1937 609 2017 Didascalus3
635 1938 712 2003 vide
736 1942 775 2003 ut
798 1939 887 2003 cutis
911 1955 988 2003 mea
1010 1939 1122 2003 lacera
1145 1941 1216 2020 est,

392 2053 440 2118 Ut
465 2054 618 2118 membra
640 2054 768 2135 livent,
793 2057 832 2119 ut
856 2054 993 2119 rubenti
1016 2054 1182 2134 sanguine

268 2169 343 2234 240.
391 2170 523 2234 Infecta
546 2170 756 2235 vestimenta
779 2174 871 2236 sunt.
919 2170 1005 2237 Mra.
1029 2169 1142 2251 Papae
1166 2170 1246 2251 quid
1270 2170 1332 2235 hoc

391 2286 496 2351 Mali?
521 2286 660 2366 perinde
684 2304 723 2351 ac
747 2287 782 2350 in
806 2286 975 2351 latronem
997 2286 1133 2352 saeviit.

392 2401 493 2467 Para.
519 2402 556 2466 Id
580 2403 728 2483 diceres,
753 2402 782 2466 si
806 2419 861 2466 me
885 2402 1021 2467 videres
1045 2402 1199 2466 distrahi.

391 2518 477 2599 Mrs.
494 2518 593 2582 Mitte
609 2518 703 2582 haec.
728 2517 813 2598 Quid
827 2519 967 2599 inquam
979 2518 1136 2583 feceras?
1160 2517 1261 2583 Pura.
1276 2517 1367 2582 Nihil
1380 2519 1520 2599 quidem

392 2633 656 2715 commiseram,
681 2651 803 2699 verum
826 2636 925 2714 pater
947 2651 1045 2699 meus
1069 2634 1163 2715 prius

270 2751 345 2815 245.
394 2749 503 2829 Quam
525 2749 636 2814 abiret
658 2753 881 2815 accusaverat
904 2766 958 2813 me
982 2749 1146 2815 criminis

387 2865 473 2930 Mus.
498 2866 602 2930 Pater
627 2867 706 2930 tuus
731 2868 765 2930 to
789 2865 969 2930 criminis?
993 2866 1034 2930 de
1058 2882 1143 2946 quo,
1168 2866 1333 2930 obsecro?

391 2982 484 3063 Quae
507 2982 691 3063 adulteria,
715 2999 802 3063 quae
825 2986 963 3063 stupra,
987 2999 1118 3063 quaeve
1142 2981 1235 3046 furta
1257 2982 1306 3046 sic

391 3098 430 3161 In
454 3102 490 3163 te
513 3098 638 3163 acriter
663 3099 784 3177 punita
806 3099 914 3163 sunt?
942 3097 1038 3164 Unde
1061 3097 1199 3179 arguit?

392 3213 492 3278 Para.
518 3214 636 3277 Dicere
660 3230 781 3280 vereor
804 3213 870 3278 etsi
894 3215 1074 3279 innocens:
1100 3213 1182 3278 furti
1204 3213 1326 3293 arguit.

269 3331 344 3394 250.
392 3329 445 3393 Me
469 3330 575 3401 mala,
600 3346 706 3410 pyra,
732 3329 815 3394 ficus
839 3346 1010 3410 nucesque
1035 3330 1186 3408 dixerat,

392 3444 457 3509 Sed
483 3449 518 3509 et
543 3462 608 3510 ova
631 3463 733 3526 saepe
757 3445 939 3511 sustulisse
963 3462 1007 3509 ex
1030 3445 1180 3510 aedibus.

393 3561 479 3627 Mus
505 3560 532 3625 Ο
556 3562 689 3627 animos
714 3565 827 3627 truces
852 3560 1035 3625 Didascali!
1061 3560 1228 3626 Minutula
1252 3560 1334 3624 haec

393 3677 524 3742 Delicta
547 3678 745 3758 castiganda
768 3680 867 3742 erant
891 3681 962 3740 tam
987 3675 1168 3740 saeviter?

393 3792 566 3873 Quaenam
590 3791 748 3880 (malurn)
772 3792 945 3857 dementia
968 3795 1004 3856 et
1027 3795 1160 3871 patrem
1185 3793 1282 3856 tuum

270 3907 345 3971 255.
395 3908 442 3972 Eo
466 3908 616 3989 impulit,
642 3909 691 3973 uti
716 3912 751 3973 te
774 3909 908 3973 iuberet
931 3911 1070 3988 propter
1092 3909 1175 3972 haec

393 4024 477 4087 Tam
500 4025 662 4089 atrociter
685 4025 861 4104 laniarier,
886 4024 1075 4102 lacerarier,

392 4139 504 4203 Etiam
529 4139 557 4203 si
582 4156 622 4203 ea
645 4140 719 4220 ipsa
742 4140 946 4206 admiseris?
993 4139 1095 4205 Pura.
1121 4138 1180 4203 Pol
1205 4139 1424 4219 neutiquam,

391 4254 515 4319 Materl
541 4255 701 4335 Liturgus
724 4255 808 4319 haec
831 4255 920 4334 patri
944 4255 1029 4320 falso
1054 4255 1167 4320 omnia

394 4369 633 4450 suggesserat.
659 4371 810 4450 pluribus
833 4375 870 4434 at
893 4372 967 4451 ipse
991 4372 1169 4436 obnoxius

271 4487 345 4551 260.
395 4485 480 4549 Mrs
505 4485 667 4567 Liturgus
690 4487 796 4550 haec?
820 4486 988 4551 llecastor
1011 4487 1065 4550 hic
1090 4487 1250 4551 vesaniae

395 4601 483 4666 Suae
508 4602 603 4666 dabit
626 4603 770 4681 poenas!
805 4601 968 4682 Sategero
992 4619 1125 4682 quoque
