3270 5310
868 405 909 469 52

311 599 337 664 5.
385 597 587 662 Minationes
611 597 740 663 multae
763 597 984 680 proferuntur
1007 599 1041 663 in
1066 599 1251 681 andasta,
1275 599 1309 664 in
1333 600 1456 680 quibus
1473 605 1513 666 ut

263 714 298 777 in
328 713 503 794 promissis
534 712 652 778 futura
683 717 807 778 exacta
834 731 1080 794 nonnunquam
1111 715 1315 781 accumulari
1343 716 1513 783 videmus

265 830 372 895 Uxori
396 829 572 894 adulterae
595 830 643 894 sic
667 831 817 895 minatur
840 830 1059 912 Byrsocopus
1081 829 1204 918 (Andr.
1230 831 1296 896 833
1320 831 1408 918 sqq).

532 987 649 1044 Nuduta
668 988 803 1042 membra
822 988 870 1043 his
889 988 1006 1043 acribus
1026 990 1127 1057 petam
1147 989 1265 1060 flagris,

536 1083 677 1152 Occidere,
698 1084 855 1151 1511155515,
873 1083 1035 1153 foedauere,

535 1182 579 1237 Ut
598 1195 634 1237 no
653 1181 783 1250 amplius
802 1182 922 1248 quidem
941 1180 1023 1237 locus
1041 1182 1083 1236 sit
1103 1181 1233 1252 vulneri,

533 1279 609 1334 Tum
628 1280 671 1334 sic
690 1280 814 1334 cruenta
832 1279 968 1333 membra
986 1277 1047 1333 sale
1066 1279 1255 1350 coustricuero,

530 1376 678 1432 0511111515
697 1377 766 1432 11515
785 1375 935 1432 includam
955 1377 1063 1445 equino
1083 1378 1202 1444 tergori.

309 1516 391 1583 Heo.
417 1519 483 1582 658
507 1518 643 1583 divinus
666 1517 800 1599 legatus
824 1518 876 1582 his
900 1518 1015 1582 verbis
1038 1518 1164 1583 utitur:

568 1675 675 1730 Divina
694 1676 793 1731 virtus
811 1675 945 1731 celeriter
964 1677 994 1731 te
1012 1675 1130 1745 eliserit,

569 1773 608 1828 Te
627 1773 790 1843 extruserit,
810 1776 839 1828 te
857 1773 989 1843 51555111,
1007 1776 1039 1829 15
1056 1773 1214 1829 5511555111.

310 1933 334 1980 c.
381 1914 455 1978 Iam
476 1915 511 1977 in
534 1914 575 1978 iis
599 1931 684 1993 quos
707 1932 752 1978 ex
776 1915 918 1995 losepho
943 1915 1125 1980 citavimus
1145 1916 1302 1981 versibus
1317 1916 1380 1982 lut.
1399 1924 1513 1982 exact.

267 2029 423 2095 videmus
445 2033 524 2111 post
546 2031 757 2111 rrerdiquoru3
782 2030 830 2095 sic
853 2030 973 2095 etiam:

462 2172 544 2227 Bass.
562 2171 624 2227 584.
662 2172 707 2226 Ex
727 2172 781 2226 hoo
799 2171 884 2240 asylo
905 2171 1067 2241 5511155515
1086 2186 1134 2227 me
1152 2172 1295 2228 mouerint.

474 2268 544 2324 Hoc.
564 2268 624 2324 318.
662 2283 709 2347 ros
727 2268 891 2338 neutiquam
904 2269 1079 2340 prooessertt.

475 2367 529 2420 Ad.
550 2365 627 2420 1056.
665 2366 708 2422 'l'u
727 2365 890 2435 neutiquam
909 2381 1017 2421 manus
1036 2381 1119 2421 mess
1136 2367 1263 2422 55555115.

368 2483 379 2492 ·
473 2462 514 2518 of.
534 2477 650 2530 quoque
668 2463 750 2518 Bass.
773 2463 839 2533 594,
860 2462 929 2518 Η55.
951 2464 1034 2533 1562,
1055 2464 1132 2519 1625.

311 2585 396 2651 Ρ551
419 2585 502 2650 alias
526 2586 742 2666 negationes:

372 2727 453 2781 Basa.
473 2726 534 2781 577.
572 2728 618 2782 Μ5
636 2727 733 2782 uultus
752 2728 822 2783 hinc
841 2726 1005 2783 turbaverit.

370 2825 454 2878 Asot.
473 2824 535 2880 568.
573 2824 677 2880 Salvae
696 2838 780 2880 meae
799 2826 952 2895 15555111,
971 2825 1098 2880 teruncii
1118 2826 1250 2881 caeteros
1268 2840 1324 2881 uon
1341 2826 1439 2894 secero.

394 2922 449 2976 Ad.
471 2920 530 2975 180.
568 2920 662 2975 Hodie
682 2935 791 2976 manus
809 2936 950 2990 rrrrrquom
969 2935 1051 2976 meas
1069 2921 1195 2976 55555111.

384 3018 448 3072 Lar.
467 3017 530 3072 862.
567 3018 610 3071 At
629 3019 750 3086 propter
767 3017 853 3073 illum
873 3018 982 3074 infecta
1002 3032 1049 3074 res
1068 3033 1128 3074 non
1147 3019 1289 3074 manauit

361 3114 431 3170 Hoc.
452 3114 529 3170 1711.
568 3113 623 3169 1115
641 3114 715 3169 uilu'l
734 3114 924 3170 conduxerint.

306 3238 339 3303 d.
387 3237 427 3301 In
449 3237 789 3319 interrogationibus:

475 3380 528 3435 Ad.
549 3380 626 3435 1789.
1002 3381 1151 3451 Numquid
1169 3382 1229 3437 Deo

666 3478 710 3534 Tu
729 3479 896 3533 terminum
915 3479 1144 3535 miserationum
1164 3479 1281 3549 1155157

461 3573 528 3631 Η55.
549 3574 627 3630 1084.
667 3575 724 3645 Quo
742 3574 863 3644 [555151
881 3577 913 3631 51
931 3577 956 3630 51
975 3577 1089 3647 suque,
1108 3576 1188 3632 haud
1206 3576 1338 3647 effuouo.

305 3699 485 3765 Postremo
510 3699 744 3781 Macropedius
767 3698 829 3764 fut.
855 3702 967 3765 exact.
993 3700 1131 3781 saepius
1154 3700 1263 3764 utitur
1285 3699 1320 3765 in
1343 3700 1513 3765 nonnullis

259 3815 485 3882 locutionibus
508 3815 736 3896 praecedente
756 3816 917 3880 adverbio
934 3817 999 3897 515,
1016 3816 1113 3881 velut
1127 3817 1176 3881 515
1191 3834 1299 3898 equo,
1315 3817 1364 3881 515
1379 3815 1514 3899 (115515,

260 3933 309 3997 sic
327 3932 443 4011 secero.

306 4047 401 4113 Haec
424 4048 538 4112 omnia
561 4063 768 4127 quamquam
791 4047 944 4128 pluribus
960 4048 1126 4129 exemplis
1142 4047 1313 4113 illustrare
1328 4063 1514 4128 possumus

262 4167 379 4228 tamen
415 4163 475 4227 vix
509 4162 613 4227 tertia
648 4178 727 4243 pars
763 4178 881 4226 earum
913 4179 999 4242 quas
1020 4157 1227 4229 'notavimus
1259 4163 1446 4229 formarum
1469 4162 1513 4228 ad

260 4278 345 4344 haec
368 4292 494 4359 genera
517 4277 629 4357 aliquo
653 4277 753 4342 modo
777 4278 930 4342 revocari
953 4279 1008 4343 vel
1031 4279 1145 4360 potius
1169 4279 1241 4360 cogi
1260 4281 1415 4361 possunt.
1439 4277 1514 4342 Iam

135 4455 139 4461 .
260 4394 296 4458 in
331 4393 502 4459 nonnullis
539 4409 584 4458 ex
617 4393 658 4458 iis
691 4409 777 4473 quos
812 4393 994 4459 citavimus
1028 4395 1110 4460 locis
1140 4395 1204 4461 fut.
1237 4396 1349 4461 exact.
1381 4395 1419 4460 et
1448 4392 1513 4460 fut.

263 4509 409 4592 simplex
432 4510 623 4591 promiscue
647 4509 797 4574 adhiberi
820 4510 993 4595 videmus,
1017 4516 1053 4575 et
1076 4511 1111 4575 in
1133 4512 1231 4593 longe
1255 4510 1408 4593 plurimis
1431 4510 1515 4577 locis

244 4627 319 4693 --ubi
351 4626 414 4692 fut.
447 4629 559 4692 exact.
590 4625 764 4690 invenitur
795 4625 859 4690 dici
890 4639 959 4690 non
986 4627 1103 4706 potest
1134 4623 1214 4704 quid
1237 4641 1259 4689 a
1282 4623 1346 4691 151.
1370 4623 1515 4706 simplici
