3270 5310
770 411 812 476 37

167 619 247 667 nam
271 601 423 667 oibomm
446 605 598 683 stragem
622 602 709 683 edit,
734 606 954 684 quamobrem
979 622 1101 671 servus
1122 613 1323 674 exsecratur
1337 626 1417 674 eum

165 717 219 782 his
242 718 364 783 verbis.
391 719 489 783 Asot.
516 719 598 783 298:

432 868 470 923 Et
489 869 590 937 ipsum
608 871 640 925 et
659 870 824 938 ingluviem
845 872 940 938 ipsius
959 871 1107 941 Diespiter

432 966 554 1035 Perdat,
574 967 674 1035 quiin
694 968 792 1022 aedeis
812 968 931 1023 herileis
950 969 1037 1024 irruit

432 1063 499 1117 Non
518 1063 604 1119 alitor
622 1065 713 1133 atque
732 1064 887 1120 famelicus
906 1068 973 1133 post
994 1068 1144 1135 quatridui

432 1161 582 1216 Ieiunium
603 1161 700 1230 lupus.
717 1163 738 1229 ¹)

210 1300 527 1366 Animadvertimus
569 1319 613 1366 ex
656 1303 708 1366 his
752 1303 834 1367 locis
873 1303 1052 1384 plerosque
1087 1305 1144 1369 ubi
1179 1305 1414 1386 Macropedius

165 1416 328 1483 Plautum
350 1418 505 1482 imitetur
528 1435 573 1482 ex
589 1419 700 1483 Asoto
715 1424 872 1500 sumptos
888 1437 974 1484 esse.
1023 1420 1063 1484 in
1080 1421 1216 1500 reliquis
1233 1421 1415 1487 comoediis

163 1533 272 1615 magis
307 1551 392 1599 suus
426 1536 482 1599 est
512 1537 639 1601 noster.
687 1535 852 1617 Lepidum
883 1535 1084 1617 colloquium
1116 1540 1171 1601 est
1200 1537 1290 1601 inter
1314 1536 1414 1618 Sper-

162 1648 333 1730 mologum
364 1652 401 1714 et
427 1648 588 1731 Harpaga
611 1650 729 1729 (Alata
753 1651 920 1730 92-114)
945 1669 1046 1732 quem
1070 1652 1181 1716 locum
1205 1669 1413 1733 quamquam

164 1781 335 1846 perpauca
355 1766 476 1831 insunt
499 1783 586 1846 quae
610 1766 732 1832 Plauto
756 1768 940 1849 debentur,
965 1768 1044 1849 quia
1068 1769 1194 1849 optime
1211 1769 1413 1851 Maoropedii

161 1881 350 1962 ingenium,
373 1883 542 1947 seimonis
564 1883 771 1947 varietatem
794 1888 830 1948 et
854 1884 1004 1948 vividam
1027 1884 1240 1948 alamitatem
1262 1886 1413 1950 ostendit

161 1996 273 2062 facere
296 2014 366 2062 non
389 2014 529 2078 possum
553 1999 634 2078 quin
658 2002 772 2064 totum
795 1998 994 2066 adscribam.

215 2138 442 2195 Srnauonoous.
1041 2141 1164 2210 Harpax
1182 2141 1302 2196 obuiusi·

364 2237 455 2292 Cuius
474 2238 595 2306 quidem
614 2240 752 2292 ventrem
771 2239 835 2293 tam
855 2241 976 2293 inanem
994 2253 1028 2294 ao
1048 2238 1202 2294 flaccidum

365 2334 449 2389 Modo
469 2335 618 2401 suspicor,
637 2349 728 2402 quam
748 2348 817 2401 pera
837 2334 994 2402 pastoralis
1008 2339 1032 2393 ²)
1051 2337 1097 2390 ost

284 2430 328 2485 96.
365 2431 426 2486 Sub
446 2445 608 2498 vesperem.
647 2429 784 2500 Harpax,
805 2433 839 2486 ut
858 2433 927 2487 tuae
947 2431 1116 2487 fortunulae

364 2528 402 2583 Se
421 2527 555 2583 habent?
593 2528 667 2596 Quid
687 2530 751 2583 ovis
771 2543 855 2584 oassa
874 2530 948 2584 retis
966 2531 1035 2584 est?
1073 2531 1153 2586 Nihil

366 2625 518 2681 Pisoatum
537 2626 569 2680 iu
589 2626 669 2680 huno
688 2627 790 2680 diem?
828 2626 928 2683 Hans.
948 2627 1039 2683 Nihil.
1059 2628 1148 2683 Pereo
1168 2628 1247 2683 fame

364 2723 550 2778 Miserrimus
569 2724 739 2791 nigerrima.
759 2724 845 2778 Nunc
864 2725 973 2779 tertius

363 2819 471 2889 Agitur
489 2821 567 2885 dies,
587 2835 644 2888 quo
664 2822 782 2888 praeter
801 2821 901 2876 holera
920 2822 1039 2889 putrida

267 2917 327 2974 100.
364 2918 388 2973 Ε
405 2919 546 2986 compitis
564 2917 697 2974 conlecta
717 2919 757 2972 nil
778 2920 974 2987 gustaverim.

363 3015 436 3082 Quid
457 3015 576 3072 multa?
613 3014 728 3073 Venter
747 3032 833 3072 meus
854 3018 900 3073 hic
920 3019 983 3073 tam
1003 3018 1142 3073 flaccidas

364 3113 458 3181 Quam
477 3115 577 3169 inanis
596 3114 668 3170 haec
690 3116 763 3170 retis
781 3117 859 3171 ornei
880 3130 928 3170 me
946 3116 1086 3170 destinat.

362 3211 474 3268 8111111.
513 3212 549 3266 Iu
569 3213 658 3280 portu
676 3213 761 3267 adest
781 3212 862 3267 salus
881 3213 950 3280 tibi;
970 3212 1118 3268 confidito.

362 3309 462 3364 Hanr.
500 3309 566 3364 Non
586 3309 658 3379 fido,
679 3311 796 3378 quando
816 3311 852 3364 ab
872 3311 1022 3365 oooidento
1041 3311 1071 3364 et
1092 3311 1211 3364 miseria

266 3407 324 3462 105.
361 3406 479 3462 Ventus
499 3407 574 3462 mihi
594 3407 646 3462 ilet
665 3408 783 3475 iugiter.
809 3408 895 3463 Vale!
915 3408 962 3464 Sr.
983 3408 1079 3463 Heus!
1099 3408 1136 3462 H.
1156 3408 1229 3475 Quid
1248 3408 1317 3463 est?

361 3504 410 3560 sp.
447 3505 477 3561 Si
499 3505 577 3573 potis
595 3519 643 3570 es,
664 3506 801 3572 Harpax,
821 3505 944 3560 oallidus
962 3507 1135 3573 depromere

362 3601 397 3657 Id
416 3603 493 3670 quod
513 3602 663 3667 bibamus,
682 3602 752 3658 faxo
771 3616 825 3670 ego
844 3604 879 3656 ut
899 3604 1003 3658 venter
1022 3604 1094 3657 tuus

360 3698 434 3754 Tam
454 3700 593 3756 flaooidus
612 3702 786 3769 sesquipede
805 3701 866 3754 iam
885 3702 987 3755 exstet
1001 3703 1023 3763 ³)
1043 3701 1189 3768 turgidus.

361 3796 461 3853 Hiar.
497 3797 580 3862 Vah,
600 3799 688 3866 periit
707 3813 757 3853 ars
777 3799 942 3866 parasitica.
980 3798 1068 3852 Unde
1087 3798 1200 3866 possins

194 4041 217 4109 ¹)
244 4042 388 4098 Imitatur
407 4044 492 4098 Maon
511 4042 594 4109 Capt.
613 4043 667 4098 909
680 4056 743 4111 sqq.
757 4042 806 4096 ubi
820 4043 912 4096 otiam
927 4042 1077 4108 parasitus
1089 4056 1158 4096 oum
1171 4041 1241 4106 lupo
1254 4041 1403 4095 esuriente

154 4133 353 4199 comparatur.
381 4131 540 4187 Fanrelicus
558 4132 637 4198 apud
655 4131 795 4186 Plautum
816 4132 847 4185 ot
860 4131 1032 4185 Terentium
1045 4130 1081 4183 de
1095 4129 1266 4184 hominibus
1280 4130 1401 4184 tantum

154 4221 325 4287 usurpatur.

191 4309 217 4374 ²)
240 4308 282 4364 01.
310 4308 397 4377 Vulg.
426 4309 496 4376 Reg.
516 4311 543 4378 Ι,
563 4309 642 4377 17,40
661 4311 691 4363 et
711 4308 801 4376 ologit-
820 4308 876 4361 sibi
896 4308 1026 4376 quinque
1046 4306 1271 4373 limpidissimos
1290 4306 1405 4373 lapides

151 4397 190 4452 de
209 4397 341 4452 torrente
359 4399 391 4452 et
410 4397 494 4452 misit
512 4412 563 4452 eos
582 4398 613 4451 in
632 4412 730 4468 peram
746 4396 934 4466 pastoralem,
954 4410 1044 4463 quam
1065 4395 1191 4449 habebat
1210 4410 1318 4450 secum.

191 4490 215 4546 ⁸)
244 4483 369 4540 Videtur
388 4486 475 4542 Maor.
494 4486 639 4554 cogitasse
658 4487 693 4540 de
713 4486 774 4540 looo
794 4486 873 4540 Pers.
894 4487 924 4549 1,
943 4485 991 4539 57:
1018 4485 1092 4539 Cum
1112 4484 1181 4547 tibi,
1200 4483 1302 4552 Calvo,

361 4574 484 4643 Pinguis
509 4576 693 4643 aqualiculus
712 4589 857 4643 propenso
877 4574 1050 4642 sesquipede
1069 4574 1170 4627 exstet
1177 4589 1184 4640 ;

188 4661 247 4718 Ubi
266 4663 370 4719 tamen
389 4663 461 4719 haec
479 4663 588 4719 locutio
607 4678 667 4718 non
686 4664 764 4718 idem
785 4663 942 4730 significat.
