3270 5310
727 387 769 450 19

408 580 559 636 Delicatus
578 579 646 634 tum
666 579 817 646 putrescet-

406 678 572 733 Fastuosus
592 676 760 745 proteratur

292 776 370 832 1050.
407 774 518 843 1115555
537 773 636 828 nudus
655 772 797 828 obruetur

347 890 349 893 ·
408 871 547 939 Pulvere,
567 884 634 925 esca
653 868 814 924 vermibus,

407 995 597 1062 corrigamus
615 1007 686 1061 ergo
705 993 840 1048 nostram

408 1091 539 1146 Moribus
557 1091 653 1146 vitam
674 1090 806 1157 probatis

408 1189 452 1244 Ne
471 1188 561 1257 (quod
579 1187 670 1255 absit)
691 1185 886 1256 temporalem

293 1287 372 1342 1055.
410 1286 488 1341 11555
507 1285 646 1354 55555515
665 1287 816 1354 aggravet.
1387 1358 1389 1364 k

168 1411 312 1477 Praeter
346 1410 539 1476 1555155555
575 1408 697 1473 555555
732 1407 798 1473 5115
829 1425 963 1489 555555
994 1407 1197 1490 Macropedii
1226 1379 1385 1472 carmina

51 1586 54 1591 .
124 1529 321 1608 supersunt.
369 1525 538 1591 Servatur
569 1524 660 1589 enim
685 1522 855 1588 Bruxellis
878 1523 913 1588 in
935 1523 1138 1588 bibliotheca
1161 1522 1376 1588 Serenissimi

124 1643 227 1708 Ducis
254 1642 296 1706 de
320 1641 511 1721 bramberg
534 1639 665 1704 libellus
689 1639 887 1704 rarissimus
910 1656 950 1704 55
973 1638 1121 1704 15515555
1145 1639 1284 1719 551555,
1309 1654 1375 1718 555

123 1759 344 1823 continentur
372 1757 439 1821 duo
470 1755 622 1820 carmina
653 1755 747 1838 typis
771 1755 955 1836 impressa,
984 1757 1020 1820 et
1043 1771 1150 1820 unum
1174 1771 1279 1819 manu
1301 1755 1376 1818 niti·

124 1873 263 1939 dissime
287 1873 472 1954 scriptum,
496 1871 585 1952 quod
609 1871 806 1936 inscribitur
829 1869 900 1936 Ode
924 1870 966 1936 de
990 1870 1109 1936 Mortis
1131 1871 1295 1953 imagine;
1312 1870 1376 1935 hoc

124 2005 264 2054 carmen
294 1989 396 2053 venia
426 2005 447 2052 5
479 1988 564 2052 duce
595 1987 781 2068 impetrata
811 1987 903 2068 prelo
935 1987 1127 2054 subiectum
1154 1987 1232 2051 huic
1256 1987 1388 2079 disser-¹

125 2104 386 2170 55555555.
1377 2084 1387 2097 “

171 2218 289 2284 Priora
312 2220 379 2285 duo
403 2218 554 2283 carmina
578 2217 825 2282 inscribuntur:

162 2359 365 2417 cantilena
390 2359 525 2416 Schola
550 2357 879 2428 Hieronymianae
896 2358 1107 2414 Ultraiecti
1127 2372 1192 2427 pro
1210 2372 1307 2414 anuo
1325 2356 1375 2413 51.

126 2457 729 2526 (1555515115555551155551555.

162 2554 234 2612 Ode
265 2553 435 2623 Dicolos,
466 2553 785 2622 Tetrastrophos,
816 2552 944 2608 151555
975 2552 1169 2620 prioribus
1200 2552 1378 2608 versibus

127 2651 395 2719 Asclepiadeis
425 2652 462 2706 51
493 2652 630 2719 quarto
662 2649 874 2718 glyconico.
918 2648 965 2706 De
993 2648 1116 2704 natali
1145 2649 1377 2706 0551511555.

50 2807 53 2813 ,
162 2750 288 2806 carmen
317 2750 436 2804 constat
464 2748 598 2816 strophis
625 2749 660 2803 37
688 2750 719 2803 51
748 2748 925 2815 repetitione
944 2747 1079 2815 elegiaca.
1117 2747 1275 2816 155151115
1296 2746 1376 2802 5555

127 2848 265 2902 modum:

342 2969 416 3037 Quid
434 2970 559 3024 cantent
579 2970 660 3036 pueri
680 2969 800 3037 dignius
818 2970 872 3023 aut
890 2968 988 3024 colant

341 3064 435 3132 Quam
454 3065 608 3121 Christum
628 3080 769 3135 puerum,
788 3067 838 3134 551
859 3065 1002 3134 placidam
1020 3064 1167 3132 indolem,

343 3163 434 3217 Artes
453 3163 613 3231 ingenuas,
632 3176 782 3231 regnaque
801 3162 941 3217 coelitum

413 3258 514 3314 Gratis
532 3259 624 3315 donat
643 3257 802 3315 amiculis?

342 3382 482 3449 Princeps
502 3382 667 3453 Pieridum,
686 3383 768 3437 casta
788 3382 958 3451 Polymnis,

344 3479 453 3534 Partus
471 3480 636 3551 virgineos,
654 3493 727 3535 cana
746 3479 919 3546 crepundia,

343 3575 482 3631 cinctum
501 3591 588 3631 55555
607 3576 713 3646 (15515,
733 3578 907 3644 moestaque
924 3577 1031 3644 gaudia

414 3671 537 3742 Hymno
555 3675 602 3730 dio
622 3673 817 3729 memorabili.
836 3689 861 3730 e.
880 3689 908 3742 5.
927 3689 950 3729 5.

166 3795 316 3864 Repetitio
334 3798 382 3851 est
401 3797 487 3852 haec:
587 3792 588 3795 ’

344 3912 436 3967 Corde
455 3926 527 3979 puer
548 3926 646 3968 mores
666 3913 796 3967 humiles
815 3911 1009 3980 complectere
1028 3913 1112 3980 Iesu,
1183 3950 1188 3958 -

380 4008 441 4075 Quo
461 4008 516 4062 tibi
538 4010 605 4076 poet
624 4007 699 4064 lethi
718 4007 823 4063 funera
841 4010 945 4077 surgat
964 4009 1067 4064 honos.

344 4105 422 4160 Nam
442 4106 491 4173 551
511 4119 543 4160 ee
561 4104 706 4161 extulerit
726 4106 837 4161 recidet
854 4106 1012 4175 depressus
1030 4106 1067 4161 ad
1086 4107 1147 4161 ima

380 4201 550 4270 Sponteque
568 4203 744 4270 depressum
763 4203 901 4259 05515155
919 4205 955 4258 ad
974 4205 1055 4258 astra
1074 4202 1157 4259 feret.

166 4323 370 4380 cantilena
389 4325 546 4381 Scholae
565 4325 890 4395 Hieronymianae
910 4325 1119 4383 Ultraiecti
1140 4341 1203 4395 pro
1219 4330 1378 4383 555552.

130 4421 731 4490 0555315115555551155551555.

167 4518 239 4575 Ode
275 4518 530 4576 Genethliaca
567 4520 722 4576 0551515
753 4522 845 4576 5515
877 4520 1118 4591 modulanda,
1145 4523 1270 4589 metro
1300 4537 1379 4578 ana·

132 4617 289 4685 5551155.
