3270 5310
307 944 484 1011 Vnuunros
508 944 670 1010 Mnxruru
693 943 758 1025 ΙΙΙ,
783 946 822 1022 6,
847 945 885 1025 4,
902 944 968 1027 (ed.
987 944 1060 1010 Car.
1077 944 1179 1008 Halm
1200 944 1316 1030 1865):
1342 945 1377 1010 C.
1395 948 1517 1010 eutem

262 1059 416 1125 Duellius
441 1113 447 1126 .
474 1114 480 1127 .
508 1113 514 1126 .
541 1113 547 1126 .
576 1059 794 1139 praecinente
818 1059 958 1125 tibicine
984 1063 1032 1138 [et
1056 1059 1201 1139 fidicine]
1226 1077 1248 1124 a
1271 1077 1356 1125 cena
1375 1061 1516 1127 domurn

262 1176 392 1240 reverti
416 1175 539 1240 solitus
562 1178 624 1240 est.
695 1177 701 1185 “

308 1290 460 1356 Delenda
483 1308 570 1372 quae
595 1291 692 1355 uncis
715 1290 845 1356 inclusi.

840 1586 934 1651 XIV.

309 1832 452 1896 Fallitur
477 1832 614 1896 Gnsuou
639 1831 795 1897 Borssrun
823 1833 881 1909 (La
906 1832 967 1896 Fin
992 1832 1036 1897 du
1061 1832 1280 1913 Paganrsme
1305 1832 1355 1912 ΙΙ,
1378 1848 1433 1913 pg.
1460 1834 1518 1910 34)

266 1965 343 2012 oum
367 1948 408 2012 lle
433 1947 673 2012 Commodiano
697 1948 780 2012 dicit
802 1948 902 2012 haee:
942 1947 990 2031 „ll
1013 1964 1099 2012 nous
1122 1947 1274 2028 apprend
1290 1947 1370 2027 qu'il
1386 1965 1408 2011 a
1425 1949 1517 2012 veou

263 2063 458 2144 longtemps
481 2063 566 2127 dans
590 2064 745 2145 l’erreur,
770 2063 849 2144 qu’il
874 2080 894 2127 a
918 2063 1097 2143 frequente
1121 2063 1172 2128 les
1194 2063 1342 2142 temples
1365 2064 1385 2126 a
1410 2063 1516 2128 l'insu

263 2180 305 2243 de
330 2196 385 2243 ses
408 2180 548 2258 parents
571 2177 624 2264 (ce
644 2178 702 2259 qui
718 2179 846 2244 semble
863 2178 1020 2260 indiquer
1035 2195 1101 2259 que
1119 2195 1174 2243 ses
1189 2182 1330 2259 parents
1346 2178 1517 2243 n'etaient

264 2312 325 2375 pas
349 2299 488 2379 paiens).

845 2539 923 2604 XV.

310 2766 403 2846 Quod
425 2770 603 2832 contendit
619 2768 813 2832 Looovrons
829 2767 964 2831 Krannon
980 2767 1059 2846 (Der
1074 2767 1205 2833 Zweite
1220 2767 1390 2832 Puuisohe
1408 2767 1514 2848 Krieg

265 2882 332 2947 und
358 2884 451 2948 seine
477 2883 631 2967 Quellen‚
656 2901 708 2964 pg.
738 2883 922 2965 lar-129)
946 2888 1083 2949 veteres
1105 2884 1287 2948 historicos
1310 2883 1345 2946 in
1369 2883 1517 2964 singulis

265 3016 406 3080 operum
442 3000 596 3080 partibus
631 2999 780 3081 singulos
815 3003 972 3064 auctores
1006 3000 1102 3080 sequi
1131 2999 1252 3064 solitos
1283 3015 1377 3078 esse,
1411 2997 1445 3061 id
1480 2998 1514 3061 in

266 3115 444 3197 Polybium
468 3133 535 3181 non
561 3116 663 3182 valet.

840 3360 934 3424 XVI.

311 3579 446 3644 Bellum
462 3580 628 3645 Punicum
645 3578 831 3644 secundum
848 3597 869 3644 a
885 3579 1048 3644 Romanis
1064 3578 1173 3659 nragis
1189 3595 1290 3657 quarn
1306 3596 1327 3642 a
1343 3578 1517 3659 Cartbagi-

265 3696 443 3760 niensibus
467 3698 527 3759 aut
551 3712 667 3761 eorum
691 3696 833 3760 ducibus
856 3698 1079 3777 provaoaturn
1103 3698 1166 3759 est.

832 3964 943 4030 XVll.

309 4186 386 4249 Aan
420 4185 480 4248 het
514 4184 612 4248 elude
645 4201 712 4248 van
742 4185 808 4265 zijn
833 4188 1067 4249 commentaar
1090 4201 1133 4264 op
1157 4183 1286 4248 Plato's
1308 4182 1519 4264 Protagoras

266 4304 345 4382 negt
378 4300 572 4364 Duosonne:
612 4299 699 4383 „Der
729 4299 852 4380 Ertrag
883 4300 943 4364 des
974 4299 1131 4380 Dialoges
1154 4299 1201 4363 ist
1224 4297 1394 4363 durehaus
1418 4298 1519 4363 nicht

264 4416 357 4480 blosz
392 4416 570 4497 negativer
605 4417 680 4481 Art.
712 4415 886 4480 Vielnrebr
913 4415 1008 4479 steht
1030 4416 1099 4480 fest
1122 4415 1202 4479 dass
1225 4414 1279 4479 die
1303 4413 1443 4494 'lugeud
1469 4416 1518 4479 im

266 4531 558 4612 philosophischen
584 4530 687 4596 Sinne
712 4531 759 4594 im
783 4531 923 4595 Wissen
947 4531 1007 4595 des
1031 4530 1145 4596 Guten
1168 4529 1319 4595 bestehe.

310 4647 370 4711 Dit
393 4647 519 4711 laatste
543 4647 656 4711 wordt
678 4647 795 4711 echter
818 4647 851 4710 in
877 4647 982 4710 <lezen
1007 4646 1138 4727 ‹lialoog
1161 4646 1235 4710 niet
1257 4646 1430 4711 bewezen.
