3270 5310
779 394 842 459 192

332 585 436 651 Venit
460 586 530 651 fere
554 587 596 650 ad
621 587 740 651 restim
764 586 941 668 negocium
964 603 1090 653 meum.

333 701 439 767 Guon.
466 699 551 780 Quid
575 702 671 782 ipse?
719 701 802 767 Gan.
828 701 1035 766 constanter
1057 707 1181 783 negat,
1197 720 1304 784 quare
1322 705 1439 769 accitis

332 816 479 881 Lorariis
503 816 647 881 adactus
670 819 725 880 est
748 817 790 880 ad
815 816 1018 896 praesidem.

332 932 439 997 droa.
464 931 498 996 Is
521 933 633 996 iustus
657 935 728 1012 est;
753 949 860 1012 usque
884 932 927 996 ad
952 932 1180 1012 quadrantem
1204 935 1395 999 extorserit

332 1048 533 1127 Reddetque
558 1047 661 1112 fidito.
688 1046 774 1126 Quid
798 1047 853 1112 hio
876 1064 984 1112 senex
1011 1065 1120 1113 ovans

333 1163 529 1227 Reoenset?
553 1161 650 1228 Heus
673 1178 799 1240 senex,
824 1162 906 1243 quid
931 1163 1044 1243 agitur
1066 1164 1102 1228 in
1125 1163 1224 1230 foro?

333 1278 435 1342 Rusr.
467 1278 626 1360 Furtum,
658 1278 772 1352 dolus,
803 1278 998 1359 periurium.
1047 1277 1154 1347 Guoa.
1179 1281 1292 1345 Istaec
1318 1284 1440 1346 vetera

1298 1399 1393 1461 sunt.

333 1509 436 1574 Ruso.
462 1509 635 1591 Expertus
657 1511 730 1590 ipse
754 1527 830 1574 sum
852 1509 1047 1575 novissima.
1072 1508 1180 1576 (1000.
1197 1509 1300 1594 Hem,
1320 1528 1440 1592 senex,

333 1623 418 1703 Quid
442 1629 608 1704 expertus
632 1626 697 1690 es?
744 1626 847 1692 Rusr.
873 1625 1056 1691 Pecuniam
1082 1625 1162 1690 mihi
1186 1625 1264 1690 dolo

333 1739 408 1804 Duo
431 1741 603 1806 abstulere
626 1741 745 1822 perfidi
768 1741 978 1822 scholastici,

334 1853 464 1920 Verum
488 1860 604 1921 tamen
629 1874 707 1922 cum
731 1858 851 1936 tertio,
877 1858 933 1936 qui
958 1874 1092 1938 quoque
1116 1857 1188 1922 suis

335 1969 540 2036 Parentibus
562 1972 693 2053 aliquot
715 1989 837 2037 aureos
864 1975 1088 2038 subtraxerat

335 2085 448 2151 Vinoti
472 2088 572 2152 simul
596 2092 780 2153 servantur
803 2087 858 2176 (ut
881 2086 982 2176 puto)
1004 2088 1167 2152 crucibus.

280 2253 286 2266 .
334 2201 499 2283 Valeant3
526 2221 637 2268 meam
660 2205 741 2269 milri
764 2204 910 2268 reddidit
933 2204 1112 2284 pecuniam

335 2319 574 2398 Aequissimus
596 2320 709 2386 iudex.
760 2318 843 2385 Gur.
870 2319 951 2399 Quis
974 2319 1052 2383 istic
1075 2318 1227 2383 tertius?

335 2433 438 2500 Rusr.
465 2434 552 2500 Novi
576 2435 741 2500 Cabiscon
766 2439 802 2499 et
825 2433 1026 2516 Stypisoon,
1050 2434 1194 2498 tertium

336 2549 485 2614 Puerum
508 2551 644 2630 quidem
668 2567 735 2616 non
761 2567 934 2615 noveram.
983 2548 1066 2614 Gur.
1091 2549 1252 2629 Liturgus
1275 2553 1341 2615 est.

336 2665 438 2731 Ruso.
464 2665 527 2730 Hic
550 2684 673 2732 servus
696 2671 765 2741 est,
791 2666 961 2730 adductus
985 2665 1110 2729 ultimo·
1128 2665 1303 2729 innocens.

336 2780 420 2847 Gru.
447 2782 530 2846 Tun'
558 2784 774 2848 innocentem
798 2782 954 2846 dixeris?
1000 2781 1103 2846 Rusr.
1129 2780 1198 2861 Ego
1221 2780 1361 2861 dixero,

337 2895 422 2975 Quia
445 2901 566 2978 captus
589 2902 670 2963 ante
694 2898 857 2980 parvulus
880 2897 964 2963 furti
988 2899 1092 2962 reust.

337 3011 443 3079 Guon.
470 3013 570 3094 Vale,
595 3031 711 3081 sonex.
737 3013 820 3079 Gan.
846 3013 873 3077 Ο
897 3011 1075 3086 (lumime,
1094 3028 1113 3076 o
1129 3014 1299 3091 quantum
1316 3013 1372 3077 vir
1388 3012 1443 3076 hic

336 3130 587 3195 Amaritudinis
611 3131 736 3194 incutit
760 3130 839 3193 mihi
864 3128 1071 3209 scrupulum.

336 3243 400 3308 Hic
425 3245 540 3311 filiust.
589 3246 696 3311 Guon.
722 3245 853 3310 Vereor
876 3261 938 3325 ego
962 3244 1033 3323 ipso
1057 3243 1249 3323 plurimum.

338 3361 420 3426 Gan.
447 3362 481 3425 10
504 3363 599 3441 10000
623 3365 697 3442 est;
722 3361 843 3425 indicia
867 3360 975 3424 multa
999 3360 1199 3439 congruunt.

338 3475 427 3540 Perii
451 3477 571 3540 miseri
620 3475 708 3556 Quin
732 3493 814 3541 0000
839 3475 1017 3556 coniugem
1040 3490 1151 3538 meam

338 3591 539 3656 sexcenties
563 3609 631 3656 000
653 3592 829 3671 interemi,
853 3607 941 3670 quae
965 3589 1030 3653 fuit

338 3707 416 3772 Una
439 3709 562 3772 author
585 3708 685 3773 huius
709 3706 942 3788 Tragoedias?
988 3704 1054 3768 Hei
1078 3702 1178 3768 mihil

338 3824 445 3889 Guon.
471 3825 714 3904 Animaequior
737 3825 802 3904 sis,
827 3822 874 3886 mi
898 3821 1044 3903 Galene,
1068 3819 1211 3884 forsitan

195 3938 290 4003 1205.
338 3940 529 4004 Periculum
554 3957 622 4003 non
645 3942 784 4004 tantum
808 3939 872 4004 erit
895 3939 1064 4017 quantum
1086 3932 1254 3998 imminet.

338 4055 497 4119 Accurrit
521 4071 625 4133 uxor;
650 4071 734 4118 cavo
759 4054 839 4118 mali
862 4053 1045 4133 quicquam
1067 4050 1204 4114 inferas.

339 4172 429 4235 Cave
453 4188 577 4251 graves
600 4186 703 4252 grave
727 4168 940 4251 gravioribus
963 4165 1073 4231 malis.

661 4463 972 4479 .....-..—-——
