3270 5310
751 421 795 485 49

191 613 230 677 In
254 613 339 694 pede
363 613 509 694 septimo
534 613 600 680 Ios.
629 613 724 679 1966.

892 771 922 827 Si
943 771 1101 842 copularier
1120 787 1186 828 mee

272 869 412 938 Princeps
435 868 516 925 volet
534 868 635 937 generi
655 869 775 933 infimo,
794 868 872 925 absit
891 870 926 924 ut
945 883 1089 938 negemus
1109 871 1270 940 quippiam.

191 1019 231 1083 ln
255 1018 339 1100 pede
364 1019 483 1098 quinte
507 1018 590 1085 Reb.
617 1019 691 1085 563.

362 1178 393 1233 Si
413 1179 444 1232 et
464 1177 538 1233 mihi
558 1177 645 1233 liceat
664 1177 851 1247 caparacie,
870 1178 1051 1234 Dromellula
1070 1179 1187 1237 dicitur.

193 1326 231 1391 In
256 1327 345 1392 thesi
368 1326 451 1394 Reb.
477 1328 555 1394 782.

291 1469 355 1524 Iam
374 1468 474 1524 deficit
492 1470 628 1534 animus,
648 1468 804 1524 labascunt
822 1469 924 1523 omnia
942 1469 1043 1534 arbua,
1063 1469 1165 1525 nullus
1183 1473 1231 1527 est

290 1566 410 1622 Sensus.
439 1564 564 1621 Utinam
584 1567 672 1622 adsit.
701 1565 768 1621 Heu
787 1566 927 1621 reserarier
946 1567 1097 1622 obsedere
1116 1568 1261 1635 cogimur.

192 1715 232 1779 In
267 1715 477 1798 septenariis
512 1717 618 1781 semel
649 1720 786 1781 tantum
815 1717 972 1781 infinitivi
996 1717 1112 1782 exitus
1135 1718 1199 1782 -ier
1221 1719 1395 1786 invenitur

147 1831 343 1911 etquidem
366 1833 401 1896 in
424 1832 510 1914 pede
534 1834 645 1898 sexte.
694 1832 792 1898 Base.
817 1833 894 1897 484.

405 1973 486 2029 Vade
504 1973 594 2028 cilius
613 1975 639 2028 si
658 1973 719 2028 sors
737 1976 827 2042 queat
841 1974 1016 2045 praeverlier
1035 1974 1140 2042 puella.

192 2123 232 2187 Iu
273 2123 426 2189 dimetria
468 2124 637 2205 iambicis,
678 2125 800 2203 quibus
838 2124 1036 2205 plerumque
1071 2126 1106 2189 in
1141 2125 1252 2191 choris
1286 2128 1396 2193 utitur

147 2237 398 2321 Marmarica,
433 2240 521 2305 tales
551 2239 709 2304 infinitivi
740 2240 963 2306 inveniuntur
995 2242 1053 2322 19,
1077 2257 1123 2305 ex
1147 2242 1269 2321 quibus
1295 2244 1335 2307 18
1359 2244 1394 2308 in

147 2355 233 2437 pede
257 2359 397 2437 quaro,
422 2373 512 2421 unus
536 2359 673 2421 tantum
697 2357 840 2437 inpelle
864 2356 1025 2422 secunde.
1072 2357 1255 2439 Exempla:

345 2500 427 2554 Asot.
451 2498 528 2555 1080.
565 2499 692 2555 Servum
711 2498 828 2553 fidelem
848 2499 919 2554 hero
939 2499 1021 2553 decet

564 2595 638 2652 Rem
658 2600 800 2655 creditam
821 2599 937 2665 cancer,

564 2696 708 2764 Vigilem,
727 2697 912 2761 modestum,
932 2697 1063 2751 sobrium

564 2794 728 2849 Absentem
749 2794 856 2849 herum
875 2795 1023 2848 ruercriern

344 2890 436 2947 Andr.
467 2890 528 2945 261.
566 2891 609 2945 Ne
628 2904 697 2959 ergo
716 2890 870 2946 erubescat
888 2891 1016 2958 agricola

563 2988 610 3041 Ab
629 2987 772 3056 ineptulis
790 2987 923 3052 ricla-ier,

563 3085 620 3140 Sed
638 3084 782 3152 glorietur
801 3099 833 3140 se
854 3086 926 3140 viris

563 3182 732 3238 Potioribus
750 3183 906 3253 probarier.

192 3333 404 3398 insecundo
429 3332 515 3415 pede
538 3334 638 3398 Asel.
667 3334 763 3400 1074.

563 3475 630 3530 Non
649 3475 759 3544 poterit
779 3476 852 3531 haec
870 3476 995 3544 pecunia

563 3571 722 3643 expendar
741 3573 806 3628 sina
824 3573 951 3630 foenore.

191 3724 243 3790 Ne
266 3727 301 3790 in
323 3724 438 3808 lyricis
455 3725 591 3804 quidem
607 3725 814 3789 carminibus
828 3723 1011 3790 Macr.'hae
1027 3724 1156 3789 formas
1172 3728 1375 3806 aspernatur
1389 3748 1396 3805 3

144 3844 181 3907 in
205 3840 384 3908 cantilena
406 3839 487 3905 anni
511 3841 552 3904 51
577 3840 801 3905 inveniuntur
824 3843 981 3920 quatuor.

378 3982 421 4037 49.
459 3981 538 4049 Quae
558 3994 659 4051 mens,
679 3995 753 4049 quae
772 3982 890 4050 peterat
908 3980 1011 4048 lingua
1028 3982 1179 4047 retexere,

459 4078 530 4147 Quis
549 4077 595 4133 vel
616 4080 748 4147 quantus
766 4093 850 4133 amor
869 4079 988 4144 pectora
1007 4079 1133 4146 virginis

459 4176 605 4246 Strinxit,
624 4189 691 4230 cum
711 4176 856 4244 aspiceret
874 4176 1005 4231 aetherei
1024 4176 1120 4244 patris

700 4273 746 4327 Ex
764 4287 796 4327 se
816 4273 939 4340 pignera
957 4272 1073 4327 acacia.

458 4370 535 4426 Tum
554 4369 710 4439 complexa
728 4385 817 4425 auum
837 4371 964 4425 strinxit
983 4371 1020 4425 ad
1039 4369 1139 4426 oscula

458 4468 608 4537 Gnatum,
628 4468 714 4536 plena
732 4468 786 4522 dee
805 4467 932 4522 strinxit
951 4468 987 4521 ad
1007 4467 1097 4522 ubera

461 4567 499 4622 Et
516 4566 618 4622 flentis
636 4565 801 4634 lachrymis
819 4566 1034 4634 collachrymat
1053 4567 1114 4636 pie,

701 4665 761 4719 Nec
780 4665 878 4731 quivit
896 4663 1036 4719 saliaria.
