3270 5310
749 398 792 463 83

194 590 331 655 brevius
354 607 502 672 compos.
527 592 657 656 ccciccc
678 609 739 673 pro
764 591 892 656 usitato
916 591 1145 658 circumcisus.
1192 592 1268 657 Lan.
1295 594 1347 657 27.

414 731 583 803 Infantem,
602 747 656 789 nec
671 733 819 803 ,necisum
839 747 892 789 neo
911 732 994 788 alveo
1013 746 1096 788 sacro

415 828 565 885 Tinctum.

194 969 343 1037 Subinde
367 973 487 1036 contra
510 972 698 1052 composito
714 989 774 1052 pro
789 971 931 1051 simplici
947 971 1073 1051 utitur,
1091 979 1131 1036 ut
1146 970 1336 1036 concredere
1353 1004 1394 1027 =

145 1085 296 1152 credere.
343 1089 441 1152 Asot.
469 1089 541 1151 146.

450 1228 573 1283 stesso
590 1240 707 1295 semper
727 1228 758 1282 et
778 1227 886 1294 probus
905 1228 1075 1283 concredier

451 1324 574 1391 Studui‚
596 1338 693 1392 neque
713 1323 799 1378 nihili
819 1324 892 1378 viris
912 1338 959 1378 me
979 1325 1094 1379 miscui.

193 1466 289 1530 odire
312 1497 353 1521 =
377 1467 436 1532 ire.
483 1466 590 1532 Andr.
617 1467 669 1531 61.

433 1607 470 1663 In
488 1621 594 1675 agrum
613 1606 698 1662 adibo
719 1607 864 1662 Andrisca
885 1607 1125 1662 frumentarimu.

192 1750 326 1829 assequi
351 1779 392 1804 =
416 1748 522 1827 sequi.
570 1750 669 1812 Asot.
695 1735 769 1812 661.

916 1888 1023 1943 herum
1043 1901 1159 1955 qiroque

417 1987 511 2041 lento
530 1987 623 2054 gradu
644 1999 745 2040 meum
765 1986 884 2052 assequi
903 1985 940 2040 ad
959 1985 1121 2052 vestigium

417 2084 484 2138 lion
504 2083 712 2152 suspicabitur.

194 2227 322 2306 eripere
346 2255 387 2280 =
411 2241 521 2306 agere.
568 2225 676 2290 Andr.
705 2226 776 2289 131.

417 2368 467 2421 An
486 2368 552 2420 stas
569 2366 681 2436 adhuc,
701 2367 822 2421 socors?
840 2380 879 2421 an
898 2368 946 2421 est
965 2367 1026 2420 ruri
1046 2365 1121 2420 nihil

420 2464 501 2530 Quod
520 2463 649 2531 exigas?

198 2585 252 2651 Sic
275 2587 380 2651 etiam
403 2586 576 2667 primitiva
599 2604 844 2667 nonnunquam
869 2588 1007 2653 adhibet
1030 2605 1090 2669 pro
1107 2587 1326 2668 inchoativis,
1343 2590 1396 2650 ui:

151 2701 285 2766 Resoire
308 2732 349 2756 =
374 2702 567 2766 resciscere.
614 2703 713 2767 Asot.
739 2703 814 2768 785.

408 2841 569 2898 Hominem
589 2843 677 2911 probe
695 2844 849 2908 deludam,
869 2845 960 2898 herus
979 2845 1003 2898 si
1025 2844 1141 2899 resciat.

194 2968 327 3032 del-itero
350 2998 391 3022 =
416 2966 625 3033 delitescere.
672 2967 780 3033 Andr.
806 2969 881 3033 eie.

417 3109 472 3163 Pro
493 3109 593 3164 vetere
612 3110 828 3165 consuetudine
847 3108 985 3177 hydriam
1005 3108 1101 3177 dabit,

417 3206 462 3261 Ut
481 3220 578 3260 meme
597 3205 701 3261 abacto
719 3205 815 3274 fugiat
834 3205 861 3260 is
881 3206 930 3273 qui
950 3206 1063 3260 delitet.

195 3329 628 3395 modwe=e1ubescero
676 3330 754 3394 Laz.
780 3330 854 3394 489.

570 3471 613 3526 Ut
632 3471 776 3525 erubeant
795 3471 853 3524 mei
874 3484 984 3525 osores.

196 3595 443 3660 excordem:
469 3595 720 3659 excandescere
742 3593 777 3677 ¹).
824 3594 907 3659 Reb.
933 3596 1008 3659 sio.

365 3737 466 3803 Longa
483 3737 531 3790 est
550 3750 633 3789 mors
652 3736 765 3803 omnis;
785 3736 850 3790 tote
870 3749 1000 3803 namque
1020 3736 1166 3789 cxl-audeo
1179 3738 1210 3801 ¹).

195 3861 339 3941 procori
362 3891 403 3915 =
427 3859 674 3941 ingravescere.
722 3859 819 3924 Bass
845 3860 921 3925 214.

348 4000 412 4056 Scis
431 4015 546 4070 qnoque
566 4001 695 4056 dolorem
716 4014 837 4055 omnem
856 4000 973 4068 gravari
993 4000 1026 4053 in
1045 4013 1206 4066 vesperem.

186 4095 235 4163 (cf.
253 4098 358 4152 tamon
377 4097 448 4152 Hor.
467 4098 557 4166 Epod.
577 4100 608 4167 li,
629 4100 660 4153 11
682 4100 715 4154 tu
735 4099 886 4153 fortunam
909 4112 993 4165 parce
1011 4111 1135 4164 gravare
1154 4098 1264 4161 meam]

197 4220 321 4303 liquere
344 4252 386 4277 =
410 4220 605 4301 liquescere.
652 4222 729 4286 Laz.
755 4222 831 4286 sie.

430 4363 531 4417 Instar
550 4362 673 4418 nebulae
693 4362 771 4429 Quae
791 4363 899 4416 Phoebi
921 4363 1010 4417 radiis
1029 4362 1131 4430 liquet.

160 4522 366 4531 -.—-——-.

192 4636 214 4701 ¹)
232 4632 274 4690 Of.
293 4634 454 4700 Reuchlin,
473 4650 551 4691 scen.
571 4650 650 4704 prog.
669 4635 723 4690 418
741 4635 890 4690 Escrnrdeo
909 4634 1034 4689 ludibrio
1054 4649 1101 4689 nro
1121 4634 1230 4689 haberi.
