3270 5310
698 405 760 467 169

315 704 450 782 Actus
487 704 657 782 tertius.
723 703 888 783 Scaena
926 707 1130 784 secunda.

393 1091 564 1158 amarus.
613 1093 806 1159 Parmscus.
853 1093 1056 1161 Mrsuumm.

643 1285 809 1352 Trimeiri.

225 1478 293 1544 Ubi
317 1481 400 1544 sunt
423 1478 500 1543 libri
524 1478 708 1543 Petriece?
741 1479 827 1558 Quin
851 1479 984 1545 scholas
1007 1481 1104 1546 adis?

227 1593 328 1661 Para.
355 1593 424 1659 Sub
448 1594 622 1673 vestibus
648 1597 754 1674 pater.
803 1594 886 1660 Gau.
911 1597 1067 1676 Explica,
1093 1614 1134 1661 ne
1159 1596 1274 1682 (quem

1042 1711 1225 1777 admodum

224 1826 373 1892 Edcctus
396 1825 449 1914 es)
472 1826 603 1891 furtum
628 1827 676 1891 rei
700 1827 908 1891 domesticae

171 1997 177 2006 .
227 1941 518 2009 suffarcinaveris.
567 1942 667 2008 Para.
692 1944 760 2024 En,
785 1947 883 2023 pater
908 1943 972 2024 mi,
997 1943 1137 2008 cedices.

225 2058 310 2125 Mrs.
336 2058 417 2123 Plus
441 2059 527 2123 satis
550 2059 586 2123 in
610 2076 676 2123 uno
700 2059 931 2124 exhauriendo
954 2059 1073 2140 congio

226 2174 358 2239 Morata
381 2191 475 2255 sum,
501 2174 589 2255 quod
614 2191 682 2238 nun
707 2175 867 2238 venirent
890 2192 977 2255 quae
1001 2178 1117 2239 tamen

226 2289 362 2354 Dudum
387 2289 469 2353 mihi
493 2290 756 2370 spoponderant.
788 2288 886 2353 Nunc
910 2293 1048 2368 tempus
1072 2292 1126 2353 est

226 2404 351 2469 Parare
375 2405 511 2485 vesperi
537 2423 622 2485 quae
648 2405 780 2469 edenda
803 2407 895 2469 sunt.
943 2402 1028 2483 Quid
1054 2404 1143 2469 hoc?

171 2573 177 2587 .
225 2521 314 2601 Ehe,
338 2520 429 2585 redit
452 2520 662 2603 Chrysippus
685 2521 739 2585 hic
763 2520 865 2585 solite
888 2522 983 2600 prius

225 2636 443 2717 Rursumque
467 2638 664 2702 vexandum
688 2637 866 2701 Petriscon
889 2637 1035 2718 excipit,

228 2751 410 2817 Scrutatur
433 2755 537 2833 atque
561 2753 707 2817 territat.
756 2751 839 2832 Quid
864 2753 927 2817 hoc
951 2751 1110 2841 (malum)

227 2868 453 2933 Dementiae?
501 2868 535 2933 Si
558 2868 696 2948 impune
720 2885 863 2949 puerum
888 2868 1025 2933 laeserit

226 2983 411 3066 Mysandra
433 3001 502 3049 non
526 2985 682 3049 vocabor.
730 2983 830 3049 Haud
856 3001 910 3048 me
935 2984 1070 3048 deditus

171 3153 178 3166 .
226 3100 383 3164 lixanum
407 3100 519 3182 videt,
544 3100 700 3164 morabor
724 3100 756 3164 in
781 3101 886 3176 ostie,

226 3215 275 3280 Ut
299 3215 440 3280 candide
464 3214 631 3296 excipiam
655 3216 777 3279 virenti
803 3215 954 3280 verbere.

226 3331 309 3396 Gau.
331 3330 430 3411 Este,
448 3332 507 3396 sed
525 3332 588 3394 hac
603 3331 669 3394 iter
686 3332 728 3395 ad
745 3330 919 3396 scholam?
942 3330 1044 3395 Para.
1062 3329 1137 3395 Non
1154 3334 1225 3408 est,
1242 3334 1350 3411 pater,

226 3445 357 3511 Vemm
379 3447 421 3511 ad
447 3464 559 3511 meam
583 3448 806 3511 materculam
831 3446 897 3536 (uti
922 3449 1156 3531 praeceperat)

226 3560 424 3626 Vocandam
457 3579 505 3627 ec.
554 3562 638 3628 Gau.
664 3560 736 3641 Quo
761 3564 873 3626 mater
896 3562 1003 3626 abiit?
1050 3561 1151 3626 Para.
1176 3562 1215 3624 ln
1240 3560 1349 3625 forum

174 3730 180 3741 .
227 3675 348 3757 Pater,
372 3694 439 3756 quo
463 3680 556 3742 emat
580 3677 669 3756 quod
694 3677 759 3741 erit
781 3693 922 3741 necesse
946 3677 1091 3757 vesperi.

226 3790 310 3858 Gru.
336 3791 420 3875 Abi,
445 3809 529 3857 cave
553 3792 718 3857 mendacii
742 3809 784 3856 ne
809 3797 844 3857 te
868 3808 1018 3872 arguam.

226 3906 329 3974 Para.
355 3907 527 3973 Successit
550 3908 630 3990 hoc;
655 3908 722 3972 iam
747 3909 845 3973 adibo
869 3908 1061 3988 praefectos
1085 3924 1179 3972 meos

226 4022 292 4088 Ubi
316 4027 462 4088 matrem
487 4024 608 4088 adesse
633 4027 766 4104 patrem
790 4029 892 4103 atque
918 4041 1057 4088 servum
1081 4022 1207 4087 dixere.
