<?xml version="1.0" encoding="UTF-8"?>
<!DOCTYPE html PUBLIC "-//W3C//DTD XHTML 1.0 Transitional//EN"
    "http://www.w3.org/TR/xhtml1/DTD/xhtml1-transitional.dtd">
<html xmlns="http://www.w3.org/1999/xhtml" xml:lang="en" lang="en">
 <head>
  <title>
</title>
<meta http-equiv="Content-Type" content="text/html;charset=utf-8" />
  <meta name='ocr-system' content='tesseract 3.04.00' />
  <meta name='ocr-capabilities' content='ocr_page ocr_carea ocr_par ocr_line ocrx_word'/>
</head>
<body>
  <div class='ocr_page' id='page_1' title='image "./dedictionegeorg00macrgoog_0059.png"; bbox 0 0 3270 5310; ppageno 0'>
   <div class='ocr_carea' id='block_1_1' title="bbox 847 394 890 458">
    <p class='ocr_par' dir='ltr' id='par_1_1' title="bbox 847 394 890 458">
     <span class='ocr_line' id='line_1_1' title="bbox 847 394 890 458; baseline 0 0"><span class='ocrx_word' id='word_1_1' title='bbox 847 394 890 458; x_wconf 85' lang='lat'>40</span> 
     </span>
    </p>
   </div>
   <div class='ocr_carea' id='block_1_2' title="bbox 169 582 1496 1593">
    <p class='ocr_par' dir='ltr' id='par_1_2' title="bbox 169 582 1496 1593">
     <span class='ocr_line' id='line_1_2' title="bbox 242 582 1496 670; baseline 0.003 -23"><span class='ocrx_word' id='word_1_2' title='bbox 242 582 315 647; x_wconf 89' lang='lat' dir='ltr'>suis</span> <span class='ocrx_word' id='word_1_3' title='bbox 343 583 570 664; x_wconf 88' lang='lat' dir='ltr'>philosophari</span> <span class='ocrx_word' id='word_1_4' title='bbox 594 585 723 666; x_wconf 90' lang='lat' dir='ltr'>solent,</span> <span class='ocrx_word' id='word_1_5' title='bbox 748 585 781 649; x_wconf 90' lang='lat' dir='ltr'>hi</span> <span class='ocrx_word' id='word_1_6' title='bbox 806 602 1022 668; x_wconf 88' lang='lat' dir='ltr'>corrumpere</span> <span class='ocrx_word' id='word_1_7' title='bbox 1046 586 1186 651; x_wconf 83' lang='lat' dir='ltr'>herilem</span> <span class='ocrx_word' id='word_1_8' title='bbox 1209 585 1332 670; x_wconf 78' lang='lat' dir='ltr'>filium,</span> <span class='ocrx_word' id='word_1_9' title='bbox 1358 603 1496 668; x_wconf 88' lang='lat' dir='ltr'>semper</span> 
     </span>
     <span class='ocr_line' id='line_1_3' title="bbox 169 700 1495 790; baseline 0.002 -25"><span class='ocrx_word' id='word_1_10' title='bbox 169 761 171 765; x_wconf 79' lang='grc'>,</span> <span class='ocrx_word' id='word_1_11' title='bbox 243 700 365 765; x_wconf 89' lang='lat' dir='ltr'>timere</span> <span class='ocrx_word' id='word_1_12' title='bbox 401 717 444 764; x_wconf 93' lang='lat' dir='ltr'>ne</span> <span class='ocrx_word' id='word_1_13' title='bbox 479 700 559 780; x_wconf 89' lang='lat' dir='ltr'>quid</span> <span class='ocrx_word' id='word_1_14' title='bbox 592 717 701 766; x_wconf 81' lang='lat' dir='ltr'>senex</span> <span class='ocrx_word' id='word_1_15' title='bbox 732 702 905 766; x_wconf 77' lang='lat' dir='ltr'>resciscat.</span> <span class='ocrx_word' id='word_1_16' title='bbox 954 701 1052 767; x_wconf 88' lang='lat' dir='ltr'>Servi</span> <span class='ocrx_word' id='word_1_17' title='bbox 1084 702 1275 783; x_wconf 76' lang='lat' dir='ltr'>sportulam</span> <span class='ocrx_word' id='word_1_18' title='bbox 1297 701 1449 768; x_wconf 83' lang='lat' dir='ltr'>ferentes</span> <span class='ocrx_word' id='word_1_19' title='bbox 1467 702 1495 790; x_wconf 86' lang='lat'>¹)</span> 
     </span>
     <span class='ocr_line' id='line_1_4' title="bbox 242 817 1495 900; baseline 0.002 -19"><span class='ocrx_word' id='word_1_20' title='bbox 242 819 449 898; x_wconf 78' lang='lat' dir='ltr'>opsonatum</span> <span class='ocrx_word' id='word_1_21' title='bbox 480 820 582 898; x_wconf 88' lang='lat' dir='ltr'>eunt,</span> <span class='ocrx_word' id='word_1_22' title='bbox 614 818 643 882; x_wconf 92' lang='lat' dir='ltr'>si</span> <span class='ocrx_word' id='word_1_23' title='bbox 676 817 756 897; x_wconf 88' lang='lat' dir='ltr'>quid</span> <span class='ocrx_word' id='word_1_24' title='bbox 788 817 1002 896; x_wconf 86' lang='lat' dir='ltr'>deliquerunt</span> <span class='ocrx_word' id='word_1_25' title='bbox 1034 819 1138 898; x_wconf 84' lang='lat' dir='ltr'>virgis</span> <span class='ocrx_word' id='word_1_26' title='bbox 1170 819 1378 900; x_wconf 88' lang='lat' dir='ltr'>caeduntur,</span> <span class='ocrx_word' id='word_1_27' title='bbox 1403 819 1495 883; x_wconf 91' lang='lat' dir='ltr'>cruci</span> 
     </span>
     <span class='ocr_line' id='line_1_5' title="bbox 244 931 1493 1013; baseline 0.002 -16"><span class='ocrx_word' id='word_1_28' title='bbox 244 932 349 997; x_wconf 89' lang='lat' dir='ltr'>etiam</span> <span class='ocrx_word' id='word_1_29' title='bbox 372 931 574 1013; x_wconf 84' lang='lat' dir='ltr'>adiguntur;</span> <span class='ocrx_word' id='word_1_30' title='bbox 598 933 684 998; x_wconf 90' lang='lat' dir='ltr'>bene</span> <span class='ocrx_word' id='word_1_31' title='bbox 709 934 750 999; x_wconf 88' lang='lat' dir='ltr'>de</span> <span class='ocrx_word' id='word_1_32' title='bbox 774 933 856 998; x_wconf 89' lang='lat' dir='ltr'>hero</span> <span class='ocrx_word' id='word_1_33' title='bbox 872 934 984 998; x_wconf 84' lang='lat' dir='ltr'>meriti</span> <span class='ocrx_word' id='word_1_34' title='bbox 1001 935 1293 999; x_wconf 88' lang='lat' dir='ltr'>manumittuntur</span> <span class='ocrx_word' id='word_1_35' title='bbox 1308 934 1493 1001; x_wconf 88' lang='lat' dir='ltr'>interdum.</span> 
     </span>
     <span class='ocr_line' id='line_1_6' title="bbox 243 1048 1494 1132; baseline 0.002 -20"><span class='ocrx_word' id='word_1_36' title='bbox 243 1048 283 1112; x_wconf 92' lang='lat' dir='ltr'>ln</span> <span class='ocrx_word' id='word_1_37' title='bbox 307 1064 487 1113; x_wconf 90' lang='lat' dir='ltr'>servorum</span> <span class='ocrx_word' id='word_1_38' title='bbox 510 1049 614 1129; x_wconf 83' lang='lat' dir='ltr'>igitur</span> <span class='ocrx_word' id='word_1_39' title='bbox 633 1066 791 1115; x_wconf 87' lang='lat' dir='ltr'>sermone</span> <span class='ocrx_word' id='word_1_40' title='bbox 808 1049 913 1114; x_wconf 89' lang='lat' dir='ltr'>etiam</span> <span class='ocrx_word' id='word_1_41' title='bbox 928 1050 1090 1114; x_wconf 93' lang='lat' dir='ltr'>nonnulla</span> <span class='ocrx_word' id='word_1_42' title='bbox 1106 1050 1265 1115; x_wconf 88' lang='lat' dir='ltr'>Plautina</span> <span class='ocrx_word' id='word_1_43' title='bbox 1279 1050 1494 1132; x_wconf 80' lang='lat' dir='ltr'>invenimus3</span> 
     </span>
     <span class='ocr_line' id='line_1_7' title="bbox 244 1163 1494 1247; baseline 0.002 -19"><span class='ocrx_word' id='word_1_44' title='bbox 244 1163 305 1228; x_wconf 87' lang='lat' dir='ltr'>sed</span> <span class='ocrx_word' id='word_1_45' title='bbox 336 1164 390 1228; x_wconf 89' lang='lat' dir='ltr'>hic</span> <span class='ocrx_word' id='word_1_46' title='bbox 422 1181 555 1244; x_wconf 86' lang='lat' dir='ltr'>quoque</span> <span class='ocrx_word' id='word_1_47' title='bbox 586 1166 621 1229; x_wconf 91' lang='lat' dir='ltr'>in</span> <span class='ocrx_word' id='word_1_48' title='bbox 644 1165 809 1230; x_wconf 86' lang='lat' dir='ltr'>imitando</span> <span class='ocrx_word' id='word_1_49' title='bbox 832 1164 1067 1247; x_wconf 86' lang='lat' dir='ltr'>Macropedius</span> <span class='ocrx_word' id='word_1_50' title='bbox 1091 1166 1297 1231; x_wconf 89' lang='lat' dir='ltr'>varietatem</span> <span class='ocrx_word' id='word_1_51' title='bbox 1321 1167 1494 1245; x_wconf 88' lang='lat' dir='ltr'>quandam</span> 
     </span>
     <span class='ocr_line' id='line_1_8' title="bbox 242 1279 1494 1363; baseline 0.001 -19"><span class='ocrx_word' id='word_1_52' title='bbox 242 1281 371 1346; x_wconf 87' lang='lat' dir='ltr'>servat.</span> <span class='ocrx_word' id='word_1_53' title='bbox 413 1318 444 1326; x_wconf 92' lang='lat'><em>-</em></span> <span class='ocrx_word' id='word_1_54' title='bbox 486 1279 613 1346; x_wconf 85' lang='lat' dir='ltr'>Servos</span> <span class='ocrx_word' id='word_1_55' title='bbox 648 1280 736 1362; x_wconf 88' lang='lat' dir='ltr'>apud</span> <span class='ocrx_word' id='word_1_56' title='bbox 773 1286 910 1346; x_wconf 88' lang='lat' dir='ltr'>veteres</span> <span class='ocrx_word' id='word_1_57' title='bbox 945 1282 1092 1346; x_wconf 83' lang='lat' dir='ltr'>conricos</span> <span class='ocrx_word' id='word_1_58' title='bbox 1122 1282 1243 1347; x_wconf 89' lang='lat' dir='ltr'>ulmeis</span> <span class='ocrx_word' id='word_1_59' title='bbox 1271 1282 1375 1363; x_wconf 86' lang='lat' dir='ltr'>virgis</span> <span class='ocrx_word' id='word_1_60' title='bbox 1398 1281 1494 1347; x_wconf 88' lang='lat' dir='ltr'>caedi</span> 
     </span>
     <span class='ocr_line' id='line_1_9' title="bbox 245 1395 1494 1478; baseline 0.002 -19"><span class='ocrx_word' id='word_1_61' title='bbox 245 1395 354 1461; x_wconf 89' lang='lat' dir='ltr'>solere</span> <span class='ocrx_word' id='word_1_62' title='bbox 386 1413 487 1461; x_wconf 90' lang='lat' dir='ltr'>nemo</span> <span class='ocrx_word' id='word_1_63' title='bbox 514 1397 634 1462; x_wconf 88' lang='lat' dir='ltr'>nescit.</span> <span class='ocrx_word' id='word_1_64' title='bbox 682 1396 794 1462; x_wconf 84' lang='lat' dir='ltr'>Semel</span> <span class='ocrx_word' id='word_1_65' title='bbox 824 1399 942 1461; x_wconf 87' lang='lat' dir='ltr'>autem</span> <span class='ocrx_word' id='word_1_66' title='bbox 966 1397 1170 1462; x_wconf 90' lang='lat' dir='ltr'>vocabulum</span> <span class='ocrx_word' id='word_1_67' title='bbox 1192 1397 1322 1463; x_wconf 67' lang='lat' dir='ltr'>cuman</span> <span class='ocrx_word' id='word_1_68' title='bbox 1346 1397 1386 1462; x_wconf 88' lang='lat' dir='ltr'>de</span> <span class='ocrx_word' id='word_1_69' title='bbox 1410 1398 1494 1478; x_wconf 92' lang='lat' dir='ltr'>ipsis</span> 
     </span>
     <span class='ocr_line' id='line_1_10' title="bbox 244 1511 1176 1593; baseline 0.004 -18"><span class='ocrx_word' id='word_1_70' title='bbox 244 1511 301 1591; x_wconf 91' lang='lat' dir='ltr'>qui</span> <span class='ocrx_word' id='word_1_71' title='bbox 325 1512 488 1577; x_wconf 89' lang='lat' dir='ltr'>caedendi</span> <span class='ocrx_word' id='word_1_72' title='bbox 510 1516 595 1577; x_wconf 87' lang='lat' dir='ltr'>sunt</span> <span class='ocrx_word' id='word_1_73' title='bbox 617 1513 727 1578; x_wconf 84' lang='lat' dir='ltr'>servis</span> <span class='ocrx_word' id='word_1_74' title='bbox 750 1515 953 1593; x_wconf 89' lang='lat' dir='ltr'>usurpatur:</span> <span class='ocrx_word' id='word_1_75' title='bbox 978 1513 1075 1579; x_wconf 91' lang='lat' dir='ltr'>Asin.</span> <span class='ocrx_word' id='word_1_76' title='bbox 1100 1513 1176 1580; x_wconf 81' lang='lat'><strong>263.</strong></span> 
     </span>
    </p>
   </div>
   <div class='ocr_carea' id='block_1_3' title="bbox 468 1653 1265 1723">
    <p class='ocr_par' dir='ltr' id='par_1_3' title="bbox 468 1653 1265 1723">
     <span class='ocr_line' id='line_1_11' title="bbox 468 1653 1265 1723; baseline -0.003 -14"><span class='ocrx_word' id='word_1_77' title='bbox 468 1653 541 1709; x_wconf 88' lang='lat' dir='ltr'>Mihi</span> <span class='ocrx_word' id='word_1_78' title='bbox 561 1654 674 1723; x_wconf 88' lang='lat' dir='ltr'>tibique</span> <span class='ocrx_word' id='word_1_79' title='bbox 693 1655 924 1710; x_wconf 77' lang='lat' dir='ltr'>interminatust</span> <span class='ocrx_word' id='word_1_80' title='bbox 943 1670 998 1709; x_wconf 91' lang='lat' dir='ltr'>nos</span> <span class='ocrx_word' id='word_1_81' title='bbox 1016 1654 1135 1710; x_wconf 87' lang='lat' dir='ltr'>futuros</span> <span class='ocrx_word' id='word_1_82' title='bbox 1154 1654 1265 1710; x_wconf 73' lang='lat' dir='ltr'>ulmos.</span> 
     </span>
    </p>
   </div>
   <div class='ocr_carea' id='block_1_4' title="bbox 290 1802 1149 1886">
    <p class='ocr_par' dir='ltr' id='par_1_4' title="bbox 290 1802 1149 1886">
     <span class='ocr_line' id='line_1_12' title="bbox 290 1802 1149 1886; baseline 0.006 -19"><span class='ocrx_word' id='word_1_83' title='bbox 290 1802 402 1868; x_wconf 90' lang='lat' dir='ltr'>Huius</span> <span class='ocrx_word' id='word_1_84' title='bbox 425 1803 488 1869; x_wconf 89' lang='lat' dir='ltr'>loci</span> <span class='ocrx_word' id='word_1_85' title='bbox 512 1805 744 1886; x_wconf 86' lang='lat' dir='ltr'>Macropedius</span> <span class='ocrx_word' id='word_1_86' title='bbox 770 1805 925 1869; x_wconf 86' lang='lat' dir='ltr'>meminit</span> <span class='ocrx_word' id='word_1_87' title='bbox 947 1805 1024 1870; x_wconf 84' lang='lat' dir='ltr'>Lan.</span> <span class='ocrx_word' id='word_1_88' title='bbox 1053 1806 1149 1872; x_wconf 84' lang='lat'><strong>1002.</strong></span> 
     </span>
    </p>
   </div>
   <div class='ocr_carea' id='block_1_5' title="bbox 439 1945 1240 2392">
    <p class='ocr_par' dir='ltr' id='par_1_5' title="bbox 439 1945 1240 2308">
     <span class='ocr_line' id='line_1_13' title="bbox 439 1945 1240 2002; baseline 0.002 -2"><span class='ocrx_word' id='word_1_89' title='bbox 439 1945 638 2001; x_wconf 66' lang='lat' dir='ltr'>Musaeus.</span> <span class='ocrx_word' id='word_1_90' title='bbox 952 1949 1001 2002; x_wconf 88' lang='lat' dir='ltr'>An</span> <span class='ocrx_word' id='word_1_91' title='bbox 1022 1961 1082 2002; x_wconf 91' lang='lat' dir='ltr'>non</span> <span class='ocrx_word' id='word_1_92' title='bbox 1101 1947 1240 2002; x_wconf 78' lang='lat' dir='ltr'>crebriter</span> 
     </span>
     <span class='ocr_line' id='line_1_14' title="bbox 510 2040 1211 2113; baseline 0.004 -17"><span class='ocrx_word' id='word_1_93' title='bbox 510 2040 732 2099; x_wconf 85' lang='lat' dir='ltr'>Interminatus</span> <span class='ocrx_word' id='word_1_94' title='bbox 751 2045 870 2112; x_wconf 89' lang='lat' dir='ltr'>utrique</span> <span class='ocrx_word' id='word_1_95' title='bbox 889 2059 972 2109; x_wconf 85' lang='lat' dir='ltr'>sum,</span> <span class='ocrx_word' id='word_1_96' title='bbox 992 2059 1030 2099; x_wconf 89' lang='lat' dir='ltr'>ne</span> <span class='ocrx_word' id='word_1_97' title='bbox 1049 2044 1211 2113; x_wconf 87' lang='lat' dir='ltr'>quemlibet</span> 
     </span>
     <span class='ocr_line' id='line_1_15' title="bbox 511 2141 1146 2208; baseline 0.002 -12"><span class='ocrx_word' id='word_1_98' title='bbox 511 2141 621 2208; x_wconf 83' lang='lat' dir='ltr'>Quovis</span> <span class='ocrx_word' id='word_1_99' title='bbox 640 2142 726 2196; x_wconf 91' lang='lat' dir='ltr'>modo</span> <span class='ocrx_word' id='word_1_100' title='bbox 747 2141 984 2197; x_wconf 88' lang='lat' dir='ltr'>mendiculocum</span> <span class='ocrx_word' id='word_1_101' title='bbox 1003 2142 1146 2197; x_wconf 87' lang='lat' dir='ltr'>herilibus</span> 
     </span>
     <span class='ocr_line' id='line_1_16' title="bbox 508 2238 1143 2308; baseline 0 -14"><span class='ocrx_word' id='word_1_102' title='bbox 508 2239 722 2294; x_wconf 86' lang='lat' dir='ltr'>Admitteretis</span> <span class='ocrx_word' id='word_1_103' title='bbox 741 2238 884 2293; x_wconf 77' lang='lat' dir='ltr'>aedibus?</span> <span class='ocrx_word' id='word_1_104' title='bbox 904 2240 929 2293; x_wconf 92' lang='lat' dir='ltr'>si</span> <span class='ocrx_word' id='word_1_105' title='bbox 950 2253 1008 2308; x_wconf 86' lang='lat' dir='ltr'>quo</span> <span class='ocrx_word' id='word_1_106' title='bbox 1028 2239 1143 2300; x_wconf 89' lang='lat' dir='ltr'>minus,</span> 
     </span>
    </p>

    <p class='ocr_par' dir='ltr' id='par_1_6' title="bbox 510 2335 945 2392">
     <span class='ocr_line' id='line_1_17' title="bbox 510 2335 945 2392; baseline 0.002 -1"><span class='ocrx_word' id='word_1_107' title='bbox 510 2336 572 2391; x_wconf 89' lang='lat' dir='ltr'>Vos</span> <span class='ocrx_word' id='word_1_108' title='bbox 591 2350 663 2391; x_wconf 84' lang='lat' dir='ltr'>mox</span> <span class='ocrx_word' id='word_1_109' title='bbox 682 2335 800 2391; x_wconf 80' lang='lat' dir='ltr'>futuros</span> <span class='ocrx_word' id='word_1_110' title='bbox 819 2336 945 2392; x_wconf 79' lang='lat' dir='ltr'>ulmeos?</span> 
     </span>
    </p>
   </div>
   <div class='ocr_carea' id='block_1_6' title="bbox 290 2485 1318 2568">
    <p class='ocr_par' dir='ltr' id='par_1_7' title="bbox 290 2485 1318 2568">
     <span class='ocr_line' id='line_1_18' title="bbox 290 2485 1318 2568; baseline 0.003 -18"><span class='ocrx_word' id='word_1_111' title='bbox 290 2485 423 2551; x_wconf 87' lang='lat' dir='ltr'>Placuit</span> <span class='ocrx_word' id='word_1_112' title='bbox 446 2487 476 2552; x_wconf 94' lang='lat' dir='ltr'>ei</span> <span class='ocrx_word' id='word_1_113' title='bbox 498 2486 583 2551; x_wconf 90' lang='lat' dir='ltr'>haec</span> <span class='ocrx_word' id='word_1_114' title='bbox 606 2487 748 2567; x_wconf 89' lang='lat' dir='ltr'>locutio;</span> <span class='ocrx_word' id='word_1_115' title='bbox 772 2486 888 2566; x_wconf 88' lang='lat' dir='ltr'>itaque</span> <span class='ocrx_word' id='word_1_116' title='bbox 912 2487 1049 2568; x_wconf 89' lang='lat' dir='ltr'>saepius</span> <span class='ocrx_word' id='word_1_117' title='bbox 1073 2505 1148 2553; x_wconf 89' lang='lat' dir='ltr'>eam</span> <span class='ocrx_word' id='word_1_118' title='bbox 1172 2488 1318 2554; x_wconf 86' lang='lat' dir='ltr'>adhibet.</span> 
     </span>
    </p>
   </div>
   <div class='ocr_carea' id='block_1_7' title="bbox 278 2625 1349 3284">
    <p class='ocr_par' dir='ltr' id='par_1_8' title="bbox 278 2625 1349 3284">
     <span class='ocr_line' id='line_1_19' title="bbox 278 2625 627 2683; baseline 0.009 -3"><span class='ocrx_word' id='word_1_119' title='bbox 278 2625 363 2682; x_wconf 91' lang='lat' dir='ltr'>Asot.</span> <span class='ocrx_word' id='word_1_120' title='bbox 381 2627 442 2683; x_wconf 80' lang='lat'>294.</span> <span class='ocrx_word' id='word_1_121' title='bbox 470 2627 627 2683; x_wconf 75' lang='lat' dir='ltr'>Oounsra:</span> 
     </span>
     <span class='ocr_line' id='line_1_20' title="bbox 441 2725 1194 2795; baseline 0.003 -16"><span class='ocrx_word' id='word_1_122' title='bbox 441 2725 613 2793; x_wconf 77' lang='lat' dir='ltr'>Ingredere,</span> <span class='ocrx_word' id='word_1_123' title='bbox 632 2740 753 2794; x_wconf 88' lang='lat' dir='ltr'>sequar,</span> <span class='ocrx_word' id='word_1_124' title='bbox 772 2728 803 2781; x_wconf 90' lang='lat' dir='ltr'>et</span> <span class='ocrx_word' id='word_1_125' title='bbox 822 2726 961 2781; x_wconf 89' lang='lat' dir='ltr'>omnibus</span> <span class='ocrx_word' id='word_1_126' title='bbox 981 2727 1194 2795; x_wconf 87' lang='lat' dir='ltr'>praescripsero</span> 
     </span>
     <span class='ocr_line' id='line_1_21' title="bbox 439 2823 1093 2892; baseline 0.002 -14"><span class='ocrx_word' id='word_1_127' title='bbox 439 2823 542 2878; x_wconf 85' lang='lat' dir='ltr'>Edicta</span> <span class='ocrx_word' id='word_1_128' title='bbox 562 2824 625 2878; x_wconf 90' lang='lat' dir='ltr'>heri</span> <span class='ocrx_word' id='word_1_129' title='bbox 644 2825 735 2892; x_wconf 88' lang='lat' dir='ltr'>atque</span> <span class='ocrx_word' id='word_1_130' title='bbox 753 2824 992 2879; x_wconf 84' lang='lat' dir='ltr'>interminabiles</span> <span class='ocrx_word' id='word_1_131' title='bbox 1011 2839 1093 2879; x_wconf 89' lang='lat' dir='ltr'>meas</span> 
     </span>
     <span class='ocr_line' id='line_1_22' title="bbox 439 2921 1139 2990; baseline 0.004 -15"><span class='ocrx_word' id='word_1_132' title='bbox 439 2922 544 2989; x_wconf 78' lang='lat' dir='ltr'>leges,</span> <span class='ocrx_word' id='word_1_133' title='bbox 565 2921 673 2990; x_wconf 86' lang='lat' dir='ltr'>quibus</span> <span class='ocrx_word' id='word_1_134' title='bbox 691 2922 716 2975; x_wconf 90' lang='lat' dir='ltr'>si</span> <span class='ocrx_word' id='word_1_135' title='bbox 736 2921 892 2976; x_wconf 87' lang='lat' dir='ltr'>verbulum</span> <span class='ocrx_word' id='word_1_136' title='bbox 910 2921 1139 2990; x_wconf 78' lang='lat' dir='ltr'>obganniverint</span> 
     </span>
     <span class='ocr_line' id='line_1_23' title="bbox 438 3017 1030 3088; baseline 0.002 -15"><span class='ocrx_word' id='word_1_137' title='bbox 438 3018 476 3073; x_wconf 82' lang='lat' dir='ltr'>Et</span> <span class='ocrx_word' id='word_1_138' title='bbox 494 3019 580 3074; x_wconf 74' lang='lat' dir='ltr'>alerci</span> <span class='ocrx_word' id='word_1_139' title='bbox 598 3021 628 3074; x_wconf 91' lang='lat' dir='ltr'>et</span> <span class='ocrx_word' id='word_1_140' title='bbox 648 3018 798 3087; x_wconf 89' lang='lat' dir='ltr'>phoenicei</span> <span class='ocrx_word' id='word_1_141' title='bbox 819 3017 888 3073; x_wconf 82' lang='lat' dir='ltr'>faxo</span> <span class='ocrx_word' id='word_1_142' title='bbox 906 3019 995 3074; x_wconf 90' lang='lat' dir='ltr'>sient.</span> <span class='ocrx_word' id='word_1_143' title='bbox 1006 3020 1030 3088; x_wconf 81' lang='lat'>²)</span> 
     </span>
     <span class='ocr_line' id='line_1_24' title="bbox 280 3115 1349 3186; baseline 0 -16"><span class='ocrx_word' id='word_1_144' title='bbox 280 3117 365 3172; x_wconf 83' lang='lat' dir='ltr'>Asot.</span> <span class='ocrx_word' id='word_1_145' title='bbox 384 3117 446 3172; x_wconf 80' lang='grc'>439.</span> <span class='ocrx_word' id='word_1_146' title='bbox 484 3117 546 3171; x_wconf 88' lang='lat' dir='ltr'>Nos</span> <span class='ocrx_word' id='word_1_147' title='bbox 564 3116 670 3172; x_wconf 82' lang='lat' dir='ltr'>ulmeos</span> <span class='ocrx_word' id='word_1_148' title='bbox 688 3118 769 3172; x_wconf 91' lang='lat' dir='ltr'>totos</span> <span class='ocrx_word' id='word_1_149' title='bbox 788 3115 885 3185; x_wconf 88' lang='lat' dir='ltr'>dabit,</span> <span class='ocrx_word' id='word_1_150' title='bbox 905 3116 1203 3186; x_wconf 83' lang='lat' dir='ltr'>sescentoplagosque</span> <span class='ocrx_word' id='word_1_151' title='bbox 1214 3119 1236 3181; x_wconf 65' lang='grc' dir='ltr'>θ)</span> <span class='ocrx_word' id='word_1_152' title='bbox 1253 3117 1349 3173; x_wconf 85' lang='lat' dir='ltr'>lactet.</span> 
     </span>
     <span class='ocr_line' id='line_1_25' title="bbox 315 3212 1277 3284; baseline -0.001 -16"><span class='ocrx_word' id='word_1_153' title='bbox 315 3257 328 3284; x_wconf 83' lang='lat'>„</span> <span class='ocrx_word' id='word_1_154' title='bbox 369 3214 447 3269; x_wconf 79' lang='lat'>1441.</span> <span class='ocrx_word' id='word_1_155' title='bbox 486 3214 592 3270; x_wconf 83' lang='lat' dir='ltr'>Fecere</span> <span class='ocrx_word' id='word_1_156' title='bbox 610 3228 659 3269; x_wconf 89' lang='lat' dir='ltr'>me</span> <span class='ocrx_word' id='word_1_157' title='bbox 678 3213 720 3268; x_wconf 84' lang='lat' dir='ltr'>illi</span> <span class='ocrx_word' id='word_1_158' title='bbox 742 3212 874 3282; x_wconf 84' lang='lat' dir='ltr'>plagiarii</span> <span class='ocrx_word' id='word_1_159' title='bbox 887 3215 909 3279; x_wconf 83' lang='lat'>⁴)</span> <span class='ocrx_word' id='word_1_160' title='bbox 928 3213 1008 3268; x_wconf 91' lang='lat' dir='ltr'>senis</span> <span class='ocrx_word' id='word_1_161' title='bbox 1027 3215 1127 3269; x_wconf 88' lang='lat' dir='ltr'>totum</span> <span class='ocrx_word' id='word_1_162' title='bbox 1147 3213 1277 3269; x_wconf 78' lang='lat' dir='ltr'>ulmeam.</span> 
     </span>
    </p>
   </div>
   <div class='ocr_carea' id='block_1_8' title="bbox 241 3486 1491 4712">
    <p class='ocr_par' dir='ltr' id='par_1_9' title="bbox 241 3486 1491 4712">
     <span class='ocr_line' id='line_1_26' title="bbox 280 3486 1286 3555; baseline 0 -13"><span class='ocrx_word' id='word_1_163' title='bbox 280 3486 302 3555; x_wconf 81' lang='lat'>¹)</span> <span class='ocrx_word' id='word_1_164' title='bbox 331 3487 459 3542; x_wconf 86' lang='lat' dir='ltr'>Lazarus</span> <span class='ocrx_word' id='word_1_165' title='bbox 478 3487 530 3541; x_wconf 82' lang='lat'>177</span> <span class='ocrx_word' id='word_1_166' title='bbox 549 3487 729 3542; x_wconf 77' lang='lat' dir='ltr'>Teresnan.</span> <span class='ocrx_word' id='word_1_167' title='bbox 750 3487 848 3542; x_wconf 84' lang='lat' dir='ltr'>Emite</span> <span class='ocrx_word' id='word_1_168' title='bbox 867 3487 982 3542; x_wconf 88' lang='lat' dir='ltr'>duobus</span> <span class='ocrx_word' id='word_1_169' title='bbox 1000 3489 1054 3542; x_wconf 89' lang='lat' dir='ltr'>aut</span> <span class='ocrx_word' id='word_1_170' title='bbox 1073 3487 1170 3543; x_wconf 88' lang='lat' dir='ltr'>tribus</span> <span class='ocrx_word' id='word_1_171' title='bbox 1187 3488 1286 3542; x_wconf 87' lang='lat' dir='ltr'>eureis</span> 
     </span>
     <span class='ocr_line' id='line_1_27' title="bbox 402 3575 927 3644; baseline 0 -13"><span class='ocrx_word' id='word_1_172' title='bbox 402 3575 531 3644; x_wconf 89' lang='lat' dir='ltr'>Opsonia</span> <span class='ocrx_word' id='word_1_173' title='bbox 551 3618 558 3631; x_wconf 90' lang='lat'><strong>.</strong></span> <span class='ocrx_word' id='word_1_174' title='bbox 579 3616 584 3628; x_wconf 94' lang='lat'>.</span> <span class='ocrx_word' id='word_1_175' title='bbox 605 3615 610 3628; x_wconf 94' lang='lat'><em>.</em></span> <span class='ocrx_word' id='word_1_176' title='bbox 631 3615 638 3628; x_wconf 90' lang='lat'><strong>.</strong></span> <span class='ocrx_word' id='word_1_177' title='bbox 656 3575 732 3643; x_wconf 81' lang='lat' dir='ltr'>Cape</span> <span class='ocrx_word' id='word_1_178' title='bbox 751 3576 927 3644; x_wconf 87' lang='lat' dir='ltr'>sportulam.</span> 
     </span>
     <span class='ocr_line' id='line_1_28' title="bbox 278 3663 1336 3733; baseline -0.001 -13"><span class='ocrx_word' id='word_1_179' title='bbox 278 3664 348 3720; x_wconf 84' lang='lat' dir='ltr'>Hac.</span> <span class='ocrx_word' id='word_1_180' title='bbox 367 3664 428 3721; x_wconf 81' lang='lat'>207.</span> <span class='ocrx_word' id='word_1_181' title='bbox 448 3665 529 3720; x_wconf 81' lang='lat' dir='ltr'>Eme.</span> <span class='ocrx_word' id='word_1_182' title='bbox 547 3665 623 3732; x_wconf 84' lang='lat' dir='ltr'>Oape</span> <span class='ocrx_word' id='word_1_183' title='bbox 642 3664 808 3733; x_wconf 87' lang='lat' dir='ltr'>sportulam</span> <span class='ocrx_word' id='word_1_184' title='bbox 828 3667 918 3733; x_wconf 86' lang='lat' dir='ltr'>atque</span> <span class='ocrx_word' id='word_1_185' title='bbox 938 3664 992 3719; x_wconf 91' lang='lat' dir='ltr'>hos</span> <span class='ocrx_word' id='word_1_186' title='bbox 1011 3678 1116 3720; x_wconf 88' lang='lat' dir='ltr'>aureos</span> <span class='ocrx_word' id='word_1_187' title='bbox 1134 3663 1244 3719; x_wconf 86' lang='lat' dir='ltr'>subdes</span> <span class='ocrx_word' id='word_1_188' title='bbox 1261 3664 1336 3719; x_wconf 86' lang='lat' dir='ltr'>dues</span> 
     </span>
     <span class='ocr_line' id='line_1_29' title="bbox 549 3752 1262 3822; baseline 0 -14"><span class='ocrx_word' id='word_1_189' title='bbox 549 3753 595 3808; x_wconf 81' lang='lat' dir='ltr'>Ex</span> <span class='ocrx_word' id='word_1_190' title='bbox 614 3754 755 3809; x_wconf 90' lang='lat' dir='ltr'>omnibus</span> <span class='ocrx_word' id='word_1_191' title='bbox 773 3769 847 3822; x_wconf 88' lang='lat' dir='ltr'>quae</span> <span class='ocrx_word' id='word_1_192' title='bbox 867 3768 918 3822; x_wconf 90' lang='lat' dir='ltr'>per</span> <span class='ocrx_word' id='word_1_193' title='bbox 937 3752 1095 3808; x_wconf 91' lang='lat' dir='ltr'>macellum</span> <span class='ocrx_word' id='word_1_194' title='bbox 1114 3754 1262 3822; x_wconf 89' lang='lat' dir='ltr'>veneunt,</span> 
     </span>
     <span class='ocr_line' id='line_1_30' title="bbox 547 3842 1246 3909; baseline 0 -12"><span class='ocrx_word' id='word_1_195' title='bbox 547 3842 699 3909; x_wconf 83' lang='lat' dir='ltr'>Quantum</span> <span class='ocrx_word' id='word_1_196' title='bbox 719 3843 809 3897; x_wconf 87' lang='lat' dir='ltr'>satist</span> <span class='ocrx_word' id='word_1_197' title='bbox 827 3842 927 3897; x_wconf 88' lang='lat' dir='ltr'>decem</span> <span class='ocrx_word' id='word_1_198' title='bbox 947 3842 1020 3896; x_wconf 89' lang='lat' dir='ltr'>viris</span> <span class='ocrx_word' id='word_1_199' title='bbox 1038 3855 1103 3896; x_wconf 90' lang='lat' dir='ltr'>eme</span> <span class='ocrx_word' id='word_1_200' title='bbox 1123 3842 1246 3908; x_wconf 85' lang='lat' dir='ltr'>optima.</span> 
     </span>
     <span class='ocr_line' id='line_1_31' title="bbox 275 3928 1491 3999; baseline -0.003 -12"><span class='ocrx_word' id='word_1_201' title='bbox 275 3930 316 3987; x_wconf 80' lang='lat' dir='ltr'>cf.</span> <span class='ocrx_word' id='word_1_202' title='bbox 338 3932 413 3987; x_wconf 85' lang='lat' dir='ltr'>Men.</span> <span class='ocrx_word' id='word_1_203' title='bbox 430 3931 491 3987; x_wconf 81' lang='lat'>219.</span> <span class='ocrx_word' id='word_1_204' title='bbox 513 3931 683 3999; x_wconf 87' lang='lat' dir='ltr'>Sportulam</span> <span class='ocrx_word' id='word_1_205' title='bbox 698 3944 767 3997; x_wconf 85' lang='lat' dir='ltr'>cape</span> <span class='ocrx_word' id='word_1_206' title='bbox 781 3932 871 3998; x_wconf 87' lang='lat' dir='ltr'>atque</span> <span class='ocrx_word' id='word_1_207' title='bbox 883 3931 1057 3998; x_wconf 77' lang='lat' dir='ltr'>argentum3</span> <span class='ocrx_word' id='word_1_208' title='bbox 1071 3944 1154 3985; x_wconf 90' lang='lat' dir='ltr'>eccos</span> <span class='ocrx_word' id='word_1_209' title='bbox 1167 3930 1223 3985; x_wconf 87' lang='lat' dir='ltr'>tris</span> <span class='ocrx_word' id='word_1_210' title='bbox 1236 3942 1378 3984; x_wconf 90' lang='lat' dir='ltr'>nummos</span> <span class='ocrx_word' id='word_1_211' title='bbox 1392 3928 1491 3983; x_wconf 88' lang='lat' dir='ltr'>habes.</span> 
     </span>
     <span class='ocr_line' id='line_1_32' title="bbox 515 4017 1491 4087; baseline -0.001 -12"><span class='ocrx_word' id='word_1_212' title='bbox 515 4018 624 4075; x_wconf 93' lang='lat' dir='ltr'>Habeo.</span> <span class='ocrx_word' id='word_1_213' title='bbox 654 4020 707 4073; x_wconf 81' lang='lat' dir='ltr'>En.</span> <span class='ocrx_word' id='word_1_214' title='bbox 736 4018 793 4073; x_wconf 88' lang='lat' dir='ltr'>Abi</span> <span class='ocrx_word' id='word_1_215' title='bbox 812 4021 902 4086; x_wconf 87' lang='lat' dir='ltr'>atque</span> <span class='ocrx_word' id='word_1_216' title='bbox 921 4018 1078 4074; x_wconf 88' lang='lat' dir='ltr'>obsonium</span> <span class='ocrx_word' id='word_1_217' title='bbox 1097 4018 1192 4087; x_wconf 85' lang='lat' dir='ltr'>adfer;</span> <span class='ocrx_word' id='word_1_218' title='bbox 1212 4017 1309 4073; x_wconf 90' lang='lat' dir='ltr'>tribus</span> <span class='ocrx_word' id='word_1_219' title='bbox 1328 4018 1394 4072; x_wconf 84' lang='lat' dir='ltr'>vide</span> <span class='ocrx_word' id='word_1_220' title='bbox 1413 4019 1491 4086; x_wconf 85' lang='lat' dir='ltr'>quod</span> 
     </span>
     <span class='ocr_line' id='line_1_33' title="bbox 515 4108 659 4163; baseline -0.021 0"><span class='ocrx_word' id='word_1_221' title='bbox 515 4109 557 4163; x_wconf 89' lang='lat' dir='ltr'>sit</span> <span class='ocrx_word' id='word_1_222' title='bbox 575 4108 659 4162; x_wconf 91' lang='lat' dir='ltr'>satis.</span> 
     </span>
     <span class='ocr_line' id='line_1_34' title="bbox 277 4193 1491 4264; baseline -0.002 -12"><span class='ocrx_word' id='word_1_223' title='bbox 277 4203 300 4264; x_wconf 85' lang='lat'>²)</span> <span class='ocrx_word' id='word_1_224' title='bbox 328 4198 470 4252; x_wconf 82' lang='lat' dir='ltr'>Eiusdem</span> <span class='ocrx_word' id='word_1_225' title='bbox 491 4197 545 4252; x_wconf 91' lang='lat' dir='ltr'>loci</span> <span class='ocrx_word' id='word_1_226' title='bbox 564 4198 595 4251; x_wconf 90' lang='lat' dir='ltr'>et</span> <span class='ocrx_word' id='word_1_227' title='bbox 615 4197 662 4251; x_wconf 92' lang='lat' dir='ltr'>hic</span> <span class='ocrx_word' id='word_1_228' title='bbox 682 4197 720 4253; x_wconf 88' lang='lat' dir='ltr'>M.</span> <span class='ocrx_word' id='word_1_229' title='bbox 739 4211 902 4252; x_wconf 90' lang='lat' dir='ltr'>memorem</span> <span class='ocrx_word' id='word_1_230' title='bbox 921 4196 1013 4252; x_wconf 86' lang='lat' dir='ltr'>fuisse</span> <span class='ocrx_word' id='word_1_231' title='bbox 1030 4198 1113 4263; x_wconf 86' lang='lat' dir='ltr'>patet</span> <span class='ocrx_word' id='word_1_232' title='bbox 1125 4210 1164 4251; x_wconf 85' lang='lat' dir='ltr'>ex</span> <span class='ocrx_word' id='word_1_233' title='bbox 1177 4194 1318 4251; x_wconf 89' lang='lat' dir='ltr'>vocabulo</span> <span class='ocrx_word' id='word_1_234' title='bbox 1330 4193 1491 4250; x_wconf 76' lang='lat' dir='ltr'>interminu-</span> 
     </span>
     <span class='ocr_line' id='line_1_35' title="bbox 243 4284 1491 4355; baseline -0.004 -12"><span class='ocrx_word' id='word_1_235' title='bbox 243 4286 321 4350; x_wconf 82' lang='lat' dir='ltr'>bib&#39;s,</span> <span class='ocrx_word' id='word_1_236' title='bbox 343 4287 420 4355; x_wconf 87' lang='lat' dir='ltr'>quod</span> <span class='ocrx_word' id='word_1_237' title='bbox 438 4287 502 4355; x_wconf 90' lang='lat' dir='ltr'>ipse</span> <span class='ocrx_word' id='word_1_238' title='bbox 521 4286 611 4341; x_wconf 86' lang='lat' dir='ltr'>cudit.</span> <span class='ocrx_word' id='word_1_239' title='bbox 640 4284 800 4342; x_wconf 89' lang='lat' dir='ltr'>Nonnullis</span> <span class='ocrx_word' id='word_1_240' title='bbox 818 4288 920 4341; x_wconf 89' lang='lat' dir='ltr'>autem</span> <span class='ocrx_word' id='word_1_241' title='bbox 939 4286 1038 4340; x_wconf 89' lang='lat' dir='ltr'>verbis</span> <span class='ocrx_word' id='word_1_242' title='bbox 1057 4286 1094 4339; x_wconf 88' lang='lat' dir='ltr'>M.</span> <span class='ocrx_word' id='word_1_243' title='bbox 1111 4299 1172 4339; x_wconf 91' lang='lat' dir='ltr'>non</span> <span class='ocrx_word' id='word_1_244' title='bbox 1185 4284 1271 4352; x_wconf 90' lang='lat' dir='ltr'>plane</span> <span class='ocrx_word' id='word_1_245' title='bbox 1284 4284 1387 4339; x_wconf 89' lang='lat' dir='ltr'>eodem</span> <span class='ocrx_word' id='word_1_246' title='bbox 1399 4297 1491 4338; x_wconf 90' lang='lat' dir='ltr'>sensu</span> 
     </span>
     <span class='ocr_line' id='line_1_36' title="bbox 241 4372 1491 4444; baseline -0.005 -11"><span class='ocrx_word' id='word_1_247' title='bbox 241 4376 339 4433; x_wconf 89' lang='lat' dir='ltr'>utitur</span> <span class='ocrx_word' id='word_1_248' title='bbox 361 4378 452 4444; x_wconf 87' lang='lat' dir='ltr'>atque</span> <span class='ocrx_word' id='word_1_249' title='bbox 471 4375 610 4443; x_wconf 86' lang='lat' dir='ltr'>Plautus;</span> <span class='ocrx_word' id='word_1_250' title='bbox 630 4375 673 4429; x_wconf 83' lang='lat' dir='ltr'>ita</span> <span class='ocrx_word' id='word_1_251' title='bbox 691 4374 845 4443; x_wconf 80' lang='lat' dir='ltr'>obpannirc</span> <span class='ocrx_word' id='word_1_252' title='bbox 863 4376 941 4443; x_wconf 88' lang='lat' dir='ltr'>apud</span> <span class='ocrx_word' id='word_1_253' title='bbox 960 4375 1002 4429; x_wconf 90' lang='lat' dir='ltr'>Pl.</span> <span class='ocrx_word' id='word_1_254' title='bbox 1022 4375 1148 4429; x_wconf 89' lang='lat' dir='ltr'>nonest</span> <span class='ocrx_word' id='word_1_255' title='bbox 1166 4373 1283 4441; x_wconf 85' lang='lat' dir='ltr'>obloqui</span> <span class='ocrx_word' id='word_1_256' title='bbox 1303 4372 1354 4427; x_wconf 86' lang='lat' dir='ltr'>sed</span> <span class='ocrx_word' id='word_1_257' title='bbox 1373 4386 1491 4440; x_wconf 88' lang='lat' dir='ltr'>semper</span> 
     </span>
     <span class='ocr_line' id='line_1_37' title="bbox 242 4460 1364 4531; baseline -0.005 -10"><span class='ocrx_word' id='word_1_258' title='bbox 242 4465 346 4521; x_wconf 88' lang='lat' dir='ltr'>eadem</span> <span class='ocrx_word' id='word_1_259' title='bbox 365 4464 487 4521; x_wconf 86' lang='lat' dir='ltr'>dicendo</span> <span class='ocrx_word' id='word_1_260' title='bbox 507 4464 603 4519; x_wconf 84' lang='lat' dir='ltr'>taedio</span> <span class='ocrx_word' id='word_1_261' title='bbox 622 4477 743 4518; x_wconf 88' lang='lat' dir='ltr'>enecare</span> <span class='ocrx_word' id='word_1_262' title='bbox 762 4463 866 4531; x_wconf 85' lang='lat' dir='ltr'>alqm.;</span> <span class='ocrx_word' id='word_1_263' title='bbox 887 4463 1038 4530; x_wconf 88' lang='lat' dir='ltr'>phoenicei</span> <span class='ocrx_word' id='word_1_264' title='bbox 1059 4464 1095 4517; x_wconf 88' lang='lat' dir='ltr'>M.</span> <span class='ocrx_word' id='word_1_265' title='bbox 1114 4462 1150 4517; x_wconf 92' lang='lat' dir='ltr'>de</span> <span class='ocrx_word' id='word_1_266' title='bbox 1169 4476 1224 4518; x_wconf 90' lang='lat' dir='ltr'>suo</span> <span class='ocrx_word' id='word_1_267' title='bbox 1242 4460 1364 4517; x_wconf 87' lang='lat' dir='ltr'>addidit.</span> 
     </span>
     <span class='ocr_line' id='line_1_38' title="bbox 279 4541 1055 4622; baseline -0.012 -9"><span class='ocrx_word' id='word_1_268' title='bbox 279 4555 299 4613; x_wconf 81' lang='lat'>³)</span> <span class='ocrx_word' id='word_1_269' title='bbox 327 4553 410 4620; x_wconf 81' lang='lat' dir='ltr'>Capt.</span> <span class='ocrx_word' id='word_1_270' title='bbox 430 4553 483 4608; x_wconf 81' lang='lat'>726</span> <span class='ocrx_word' id='word_1_271' title='bbox 501 4551 705 4622; x_wconf 75' lang='lat' dir='ltr'>macentcplupo</span> <span class='ocrx_word' id='word_1_272' title='bbox 724 4565 834 4606; x_wconf 91' lang='lat' dir='ltr'>nomen</span> <span class='ocrx_word' id='word_1_273' title='bbox 853 4541 973 4607; x_wconf 84' lang='lat' dir='ltr'>indetur</span> <span class='ocrx_word' id='word_1_274' title='bbox 991 4551 1055 4606; x_wconf 91' lang='lat' dir='ltr'>tibi.</span> 
     </span>
     <span class='ocr_line' id='line_1_39' title="bbox 277 4640 938 4712; baseline -0.002 -15"><span class='ocrx_word' id='word_1_275' title='bbox 277 4641 301 4707; x_wconf 89' lang='lat'>⁴)</span> <span class='ocrx_word' id='word_1_276' title='bbox 328 4642 499 4712; x_wconf 79' lang='lat' dir='ltr'>Plnptarias</span> <span class='ocrx_word' id='word_1_277' title='bbox 517 4642 572 4697; x_wconf 91' lang='lat' dir='ltr'>hoc</span> <span class='ocrx_word' id='word_1_278' title='bbox 591 4655 682 4697; x_wconf 89' lang='lat' dir='ltr'>sensu</span> <span class='ocrx_word' id='word_1_279' title='bbox 701 4641 738 4694; x_wconf 87' lang='lat' dir='ltr'>M.</span> <span class='ocrx_word' id='word_1_280' title='bbox 757 4641 820 4708; x_wconf 90' lang='lat' dir='ltr'>ipse</span> <span class='ocrx_word' id='word_1_281' title='bbox 839 4640 938 4696; x_wconf 77' lang='lat' dir='ltr'>finxit.</span> 
     </span>
    </p>
   </div>
   <div class='ocr_carea' id='block_1_9' title="bbox 0 0 1643 5310">
    <p class='ocr_par' dir='ltr' id='par_1_10' title="bbox 0 0 1643 5310">
     <span class='ocr_line' id='line_1_40' title="bbox 0 0 1643 5310; baseline 0 0"><span class='ocrx_word' id='word_1_282' title='bbox 0 0 1643 5310; x_wconf 95' lang='lat' dir='ltr'> </span> 
     </span>
    </p>
   </div>
  </div>
 </body>
</html>
