3270 5310
782 399 838 461 151

311 588 399 653 Nam
423 592 561 668 praeter
584 605 665 671 ova,
690 590 922 671 butyrumque
946 595 982 656 et
1005 610 1144 657 caseum

310 703 421 792 (Quod
446 705 614 769 hactenus
637 704 729 793 silui)
753 710 789 770 et
811 708 990 787 pecuniam
1015 704 1155 775 extulit.

312 820 396 886 Gan.
421 819 633 885 Pecuniam?
668 821 739 887 er.
764 822 907 887 subinde
931 823 1008 889 vidi.
1046 823 1130 892 Gru.
1155 829 1194 891 ut
1218 828 1397 907 potuerit?

311 936 385 1000 Aut
408 936 436 1000 si
460 935 601 1001 videbas
625 937 706 1016 quin
730 938 900 1002 volabas?
935 938 1005 1005 er.
1030 940 1175 1022 scillcet,

258 1102 264 1117 .
312 1051 511 1116 Audaculus
533 1067 728 1132 procaxque
752 1069 811 1133 per
836 1070 890 1118 mo
914 1053 1065 1119 desinat!
1144 1109 1145 1113 ,

312 1165 420 1232 Suum
444 1167 524 1230 mihi
548 1167 675 1231 crimen
700 1169 813 1248 potius
836 1169 1056 1250 impingeret!

312 1281 396 1348 (lm.
422 1281 488 1347 Sed
512 1283 568 1362 qui
592 1283 704 1363 potuit
727 1281 898 1371 (inquam)
920 1285 1002 1348 mihi
1026 1289 1206 1366 argentum
1230 1288 1397 1370 adimere,

311 1397 524 1463 Arctissimis
548 1398 637 1479 quod
662 1400 842 1464 obseratur
864 1400 1023 1465 scriniis?

312 1513 381 1579 er.
406 1513 496 1577 Nihil
519 1514 649 1577 scriniis
673 1512 779 1601 (quod
804 1515 914 1578 adhuc
938 1515 1060 1604 sciam)
1082 1517 1250 1583 hactenus
1274 1519 1379 1599 eruit;

257 1681 264 1693 .
313 1628 442 1693 Verum
466 1629 615 1694 latenter
638 1629 757 1695 introit
780 1630 900 1694 cellam
924 1630 1102 1714 frequens,

314 1744 353 1808 ln
377 1761 445 1825 qua
468 1745 537 1808 tuis
561 1762 639 1809 cum
663 1744 872 1809 debitoribus
895 1746 984 1810 soles

312 1859 507 1925 Subducero
531 1861 775 1942 ratiunculam,
800 1865 837 1926 et
859 1863 949 1942 quod
973 1863 1105 1928 invenit

313 1977 496 2056 Audetque
519 1977 667 2057 surripit.
706 1977 789 2043 Gan.
816 1977 900 2057 Quid
925 1979 1052 2045 audio?
1086 1980 1157 2046 er.
1183 1980 1277 2060 Quod
1301 1985 1356 2045 est

312 2092 382 2156 Res
404 2092 495 2173 ipsa;
520 2092 589 2157 vidi
612 2092 792 2172 aliquando
816 2094 905 2173 quod
930 2094 997 2160 duo
1021 2099 1082 2160 aut
1106 2097 1172 2160 tria

237 2209 266 2274 ⁷.
313 2207 481 2273 Sestertio
503 2208 591 2271 illino
615 2208 767 2273 clanculo
790 2209 1003 2275 subduxerit.

312 2324 365 2388 Ex
388 2324 440 2388 his
464 2323 544 2404 quid
568 2327 702 2405 actum,
727 2325 807 2405 quid
831 2325 986 2389 futurum
1010 2326 1145 2391 coniico.

314 2440 497 2521 Comperta
520 2439 571 2503 bis
595 2439 716 2503 volunt
739 2443 877 2520 patrata
900 2441 1044 2521 septies,

314 2554 503 2636 Partesque
527 2554 633 2618 edens
657 2554 799 2618 tandem
822 2555 915 2619 canis
939 2556 1067 2620 corium
1091 2559 1200 2621 vorat.

315 2671 398 2736 Gan.
424 2671 533 2736 Probe
558 2687 695 2749 mones,
720 2669 896 2751 ipsamque
920 2688 993 2735 rem
1017 2688 1120 2751 quam
1143 2671 1313 2752 suggerio,

259 2842 263 2852 .
313 2787 401 2851 Dum
427 2787 552 2852 tacitus
577 2786 733 2866 expendo
756 2786 871 2850 intuor
895 2787 1119 2853 verissimam.

312 2904 522 2968 Putavoram
546 2902 699 2983 profecto
724 2919 778 2966 me
802 2902 835 2966 in
860 2903 992 2967 ratione
1017 2902 1071 2966 vel

314 3019 392 3083 Dati
415 3019 471 3084 vel
495 3019 624 3099 accepti
649 3019 848 3099 frequenter
870 3019 996 3099 decipi;

313 3139 382 3201 Ast
404 3135 568 3215 imposuit
591 3137 646 3221 (ut
670 3134 737 3197 iam
761 3133 882 3221 liquet)
905 3133 987 3197 mibi
1011 3133 1108 3199 lilius.

311 3251 381 3317 er.
408 3250 497 3316 Sunt
520 3250 746 3330 cumquibus
770 3249 858 3313 solet
880 3249 1017 3313 interim
1041 3248 1210 3314 versarier

260 3419 266 3432 .
313 3366 537 3448 Nequissimi,
563 3382 684 3429 verum
708 3364 789 3428 milri
814 3381 881 3428 non
905 3364 1046 3446 cogniti,

314 3482 405 3563 Quos
428 3482 500 3562 ipse
524 3482 605 3545 dum
631 3481 725 3545 voles
749 3480 846 3544 facile
871 3481 1061 3545 venaberis.

314 3600 397 3665 Gan.
423 3598 485 3663 Sat
508 3602 581 3679 est,
606 3614 689 3677 cape
713 3597 775 3661 hos
800 3596 924 3661 solidos
948 3595 1051 3677 duos,
1077 3596 1131 3659 abi
1155 3612 1261 3677 ocyus

313 3716 422 3780 Recta
444 3715 479 3778 in
503 3712 701 3793 macellum,
726 3716 780 3792 et,
805 3715 845 3776 ut
868 3712 995 3792 placuit
1018 3710 1136 3791 uxori,
1161 3726 1236 3774 eme

315 3830 474 3910 Quaeque
499 3829 629 3909 optima
652 3845 712 3909 pro
737 3844 881 3908 vespero
905 3826 1071 3892 convivio.

183 3946 266 4013 110.
313 3946 383 4027 Ego
407 3945 512 4009 filium
537 3945 635 4024 digne
660 3946 859 4025 priusquam
883 3961 942 4007 rus
966 3959 1042 4007 eam

313 4063 440 4127 Iubebo
463 4060 679 4140 castigarier3
704 4059 916 4123 didascalum

315 4177 453 4258 Quoque
477 4177 520 4240 ad
544 4176 661 4257 epulas
686 4192 864 4240 vocavero.
912 4175 982 4241 er.
1007 4173 1133 4254 Sospes
1157 4171 1238 4236 rodi.

319 4295 401 4359 Gur.
428 4293 518 4358 Cura
540 4293 654 4356 omnia
677 4291 825 4372 approbe
849 4290 977 4371 exigas.
1024 4290 1092 4353 er.
1119 4288 1301 4353 Curavero.

662 4551 966 4564 ..q—
