3270 5310
770 375 833 440 112

354 573 438 626 Asut.
456 570 518 624 627.
556 569 625 625 Sele
643 571 690 625 est
710 569 865 638 voluptas,
884 570 931 624 cui
951 570 1053 624 studet

559 667 628 723 Sola
646 670 693 722 est
713 667 801 722 libide
820 681 911 734 quam
931 667 1022 735 cupit.

216 795 308 849 Aluta
327 794 379 848 259
399 807 462 860 sqq.
501 793 555 857 (De
574 793 684 847 scurris
703 791 957 858 circumforaneis)

582 889 624 944 Ηί
642 888 763 944 callidos
781 887 912 957 facetiis,

581 986 622 1040 Hi
642 986 793 1054 simplices
812 987 941 1049 astutia,

581 1084 622 1139 lli
641 1084 775 1151 singulos
793 1083 895 1138 fraude
913 1098 947 1138 ac
966 1082 1032 1138 dolo

643 1182 699 1236 Pro
719 1182 824 1236 ventre
842 1182 955 1250 passim
974 1181 1117 1236 irretiunt

260 1307 352 1362 Andr.
371 1306 424 1361 807
443 1321 507 1374 sqq.
551 1305 602 1361 Vn·
622 1306 767 1374 imperat,
786 1305 831 1359 cir
849 1305 978 1360 consulit

545 1405 679 1472 Remque
697 1404 891 1458 administrat
911 1402 1074 1471 publicam,

551 1501 603 1555 Vir
623 1502 748 1570 iudicat,
767 1501 811 1556 vir
832 1501 995 1569 praesidet,

549 1599 598 1651 Vir
617 1599 701 1653 docet
721 1597 829 1666 ubique
848 1598 994 1666 gentium.

222 1724 243 1777 l.
264 1724 291 1777 S.
311 1723 365 1777 483
383 1723 431 1789 (de
452 1736 611 1789 puerorum
631 1722 837 1788 institutione)

560 1817 645 1874 Hanc
665 1819 843 1887 palaestram
865 1818 935 1873 tolle
955 1820 1065 1873 mundo

560 1915 690 1970 besanes
708 1915 875 1979 aeclesiam,

560 2013 690 2067 Destrues
708 2027 826 2067 sacrum
846 2015 877 2068 et
896 2013 1100 2082 prophanum,

560 2111 689 2165 Destrues
708 2110 928 2179 rempublicam.

232 2236 282 2299 Ex
307 2234 467 2300 cliverbiis
491 2233 666 2298 afferimus
689 2233 783 2299 haec.

295 2377 351 2430 Ios.
372 2376 441 2431 1668
481 2376 544 2429 lam
564 2391 643 2429 cerm
662 2375 737 2444 qued
755 2375 876 2430 divinus
895 2375 927 2428 in
947 2378 977 2429 te
996 2375 1136 2443 spiritus,

479 2473 545 2527 lum
565 2486 644 2526 cerm
663 2472 739 2541 quod
756 2472 835 2526 Deus
854 2472 926 2526 tuus
945 2486 1033 2527 verus
1053 2473 1140 2528 Deus.

226 2597 322 2650 Adam
342 2596 394 2649 277
413 2611 476 2664 sqq.
496 2595 643 2664 (loquitur
662 2597 698 2650 de
716 2595 834 2650 colubro
854 2595 998 2658 Paradisi)

473 2691 630 2760 Nunquam
650 2691 720 2746 mali
740 2691 893 2746 libidinem
913 2706 969 2745 nen
987 2693 1136 2761 suggerit,

474 2788 631 2857 Nunquam
650 2789 735 2843 benis
754 2789 940 2844 successibus
959 2803 1015 2843 nen
1033 2789 1163 2858 invidet,

474 2886 630 2956 Nzcnqunm
649 2888 712 2941 neci
732 2888 763 2941 et
782 2887 910 2954 periculo
928 2902 985 2941 uon
1003 2888 1125 2955 ingruit.

227 3012 323 3065 Adam
342 3011 403 3065 966.
442 3009 584 3064 Manena
603 3012 699 3064 temne
718 3011 855 3079 poscitis,
873 3010 1012 3065 aimundum
1030 3014 1127 3064 cernere
1144 3010 1299 3066 babebitis.

257 3108 326 3163 Hec.
345 3107 407 3162 3‘l6.
448 3107 566 3178 Tempus
585 3107 727 3162 ineundum
743 3107 880 3162 lusibus?
903 3107 1021 3178 Tempus
1049 3107 1190 3177 terendum
1209 3108 1343 3175 poculis?

252 3206 308 3259 lus.
330 3204 407 3260 1109.
445 3202 511 3259 Heu
529 3205 573 3259 m'r
596 3205 714 3275 pudice,
732 3204 776 3258 cir
795 3204 905 3269 fidelia,
925 3205 968 3259 cb·
988 3205 1090 3272 probel

230 3328 301 3383 Hec.
323 3328 391 3382 1996
410 3342 473 3395 sqq.

387 3424 564 3494 Linquamus
582 3439 704 3479 omnem
725 3424 803 3479 bunc
822 3426 998 3493 apparatum
1019 3425 1222 3493 splendidum,

388 3521 565 3590 Linqruunus
584 3523 691 3576 cuncta
710 3522 741 3575 in
762 3537 850 3577 usum
871 3536 1050 3591 pauperum,

390 3619 566 3689 Linquamus
585 3634 705 3674 omnem
726 3619 841 3675 luctum
860 3621 981 3675 inanem
1001 3623 1031 3675 et
1050 3621 1234 3688 lachrymas.

390 3717 543 3784 Moresque
562 3718 681 3771 nostros
700 3718 883 3785 corrigamus
903 3718 1054 3785 pristinos.

232 3833 311 3901 Hyp.
330 3832 384 3887 665
403 3846 465 3899 sqq.
486 3831 630 3900 (loquitur
648 3832 766 3898 David).

444 3929 520 3983 Nam
540 3944 587 3982 cor
607 3944 696 3983 mmm
714 3930 782 3999 deo,
796 3932 936 3998 paralium
955 3944 1001 3983 cor
1021 3944 1110 3984 maun
1125 3933 1162 4000 ¹),

444 4024 588 4080 Punctum
606 4026 642 4079 ad
661 4026 786 4079 adversa
804 4026 835 4080 et
850 4029 989 4095 paratum
1008 4027 1044 4081 ad
1062 4039 1216 4094 prospera,

447 4122 590 4176 Paralum
608 4122 644 4175 ad
664 4121 772 4175 omnia.
810 4122 840 4177 si
860 4121 963 4177 offerat
982 4123 1065 4191 regni
1085 4124 1159 4178 mihi

446 4219 618 4286 Sceptrum,
634 4221 773 4288 peretum
792 4235 839 4274 cer
858 4235 957 4276 nuum.
994 4220 1083 4289 Siqua
1101 4220 1210 4275 inferat

446 4315 559 4382 Fugam
580 4317 634 4369 aut
654 4315 832 4381 periculum,
848 4320 987 4388 pcc-rmum
1005 4333 1052 4372 cm·
1072 4332 1175 4386 >rurum

447 4411 616 4466 Patientcm
637 4412 745 4479 ubique
763 4413 795 4467 et
814 4416 1007 4469 mansuetum
1027 4414 1184 4470 invenerit.

199 4539 258 4547 ——
270 4539 309 4545 -.-
338 4538 355 4543 .-.
377 4538 403 4543 ..-

239 4614 260 4677 ¹)
278 4612 319 4667 Cf.
340 4611 449 4667 Psalnr.
470 4612 535 4676 107,
557 4613 580 4666 1.
