<?xml version="1.0" encoding="UTF-8"?>
<!DOCTYPE html PUBLIC "-//W3C//DTD XHTML 1.0 Transitional//EN"
    "http://www.w3.org/TR/xhtml1/DTD/xhtml1-transitional.dtd">
<html xmlns="http://www.w3.org/1999/xhtml" xml:lang="en" lang="en">
 <head>
  <title>
</title>
<meta http-equiv="Content-Type" content="text/html;charset=utf-8" />
  <meta name='ocr-system' content='tesseract 3.04.00' />
  <meta name='ocr-capabilities' content='ocr_page ocr_carea ocr_par ocr_line ocrx_word'/>
</head>
<body>
  <div class='ocr_page' id='page_1' title='image "./dedictionegeorg00macrgoog_0119.png"; bbox 0 0 3270 5310; ppageno 0'>
   <div class='ocr_carea' id='block_1_1' title="bbox 80 4716 219 5000">
    <p class='ocr_par' dir='ltr' id='par_1_1' title="bbox 80 4708 219 5000">
     <span class='ocr_line' id='line_1_1' title="bbox 80 4716 219 5000; baseline 0 -57"><span class='ocrx_word' id='word_1_1' title='bbox 80 4716 219 5000; x_wconf 47' lang='grc' dir='ltr'>’χ</span> 
     </span>
    </p>
   </div>
   <div class='ocr_carea' id='block_1_2' title="bbox 832 385 895 449">
    <p class='ocr_par' dir='ltr' id='par_1_2' title="bbox 832 385 895 449">
     <span class='ocr_line' id='line_1_2' title="bbox 832 385 895 449; baseline 0.016 -1"><span class='ocrx_word' id='word_1_2' title='bbox 832 385 895 449; x_wconf 89' lang='lat'>100</span> 
     </span>
    </p>
   </div>
   <div class='ocr_carea' id='block_1_3' title="bbox 433 582 1263 650">
    <p class='ocr_par' dir='ltr' id='par_1_3' title="bbox 433 582 1263 650">
     <span class='ocr_line' id='line_1_3' title="bbox 433 582 1263 650; baseline 0.01 -15"><span class='ocrx_word' id='word_1_3' title='bbox 433 582 499 636; x_wconf 78' lang='lat' dir='ltr'>Con.</span> <span class='ocrx_word' id='word_1_4' title='bbox 520 583 662 638; x_wconf 80' lang='lat' dir='ltr'><strong>Praedam</strong></span> <span class='ocrx_word' id='word_1_5' title='bbox 683 582 759 637; x_wconf 85' lang='lat' dir='ltr'>meis</span> <span class='ocrx_word' id='word_1_6' title='bbox 778 582 952 637; x_wconf 87' lang='lat' dir='ltr'>edentibus</span> <span class='ocrx_word' id='word_1_7' title='bbox 972 583 1052 650; x_wconf 88' lang='lat' dir='ltr'>rapis</span> <span class='ocrx_word' id='word_1_8' title='bbox 1071 582 1126 640; x_wconf 91' lang='lat' dir='ltr'>hoc</span> <span class='ocrx_word' id='word_1_9' title='bbox 1144 588 1263 649; x_wconf 62' lang='grc'><strong>011001)</strong></span> 
     </span>
    </p>
   </div>
   <div class='ocr_carea' id='block_1_4' title="bbox 431 691 1278 1546">
    <p class='ocr_par' dir='ltr' id='par_1_4' title="bbox 432 691 1278 864">
     <span class='ocr_line' id='line_1_4' title="bbox 433 691 1278 762; baseline 0.002 -16"><span class='ocrx_word' id='word_1_10' title='bbox 433 691 507 757; x_wconf 83' lang='lat' dir='ltr'>Quid</span> <span class='ocrx_word' id='word_1_11' title='bbox 525 691 592 746; x_wconf 88' lang='lat' dir='ltr'>vult</span> <span class='ocrx_word' id='word_1_12' title='bbox 610 691 771 747; x_wconf 56' lang='grc' dir='ltr'>συλεῖσθαΰ</span> <span class='ocrx_word' id='word_1_13' title='bbox 791 691 828 745; x_wconf 86' lang='lat' dir='ltr'>Et</span> <span class='ocrx_word' id='word_1_14' title='bbox 847 691 934 745; x_wconf 90' lang='lat' dir='ltr'>modo</span> <span class='ocrx_word' id='word_1_15' title='bbox 953 693 1033 746; x_wconf 84' lang='lat' dir='ltr'>caret</span> <span class='ocrx_word' id='word_1_16' title='bbox 1052 692 1148 748; x_wconf 89' lang='lat' dir='ltr'>modo.</span> <span class='ocrx_word' id='word_1_17' title='bbox 1159 698 1184 762; x_wconf 80' lang='lat'>²)</span> <span class='ocrx_word' id='word_1_18' title='bbox 1202 692 1278 748; x_wconf 81' lang='lat' dir='ltr'>Pace</span> 
     </span>
     <span class='ocr_line' id='line_1_5' title="bbox 432 792 1161 864; baseline 0.004 -18"><span class='ocrx_word' id='word_1_19' title='bbox 432 792 655 859; x_wconf 74' lang='lat' dir='ltr'>compendium.</span> <span class='ocrx_word' id='word_1_20' title='bbox 675 792 746 847; x_wconf 78' lang='lat' dir='ltr'>Con.</span> <span class='ocrx_word' id='word_1_21' title='bbox 765 793 945 861; x_wconf 79' lang='lat' dir='ltr'>compendio</span> <span class='ocrx_word' id='word_1_22' title='bbox 964 795 1053 849; x_wconf 86' lang='lat' dir='ltr'>dictis</span> <span class='ocrx_word' id='word_1_23' title='bbox 1071 808 1147 862; x_wconf 90' lang='lat' dir='ltr'>opus</span> <span class='ocrx_word' id='word_1_24' title='bbox 1153 812 1161 864; x_wconf 89' lang='lat'>;</span> 
     </span>
    </p>

    <p class='ocr_par' dir='ltr' id='par_1_5' title="bbox 433 890 1181 1056">
     <span class='ocr_line' id='line_1_6' title="bbox 433 890 1181 959; baseline 0.003 -15"><span class='ocrx_word' id='word_1_25' title='bbox 433 890 489 945; x_wconf 89' lang='lat' dir='ltr'>Sed</span> <span class='ocrx_word' id='word_1_26' title='bbox 508 891 571 957; x_wconf 89' lang='lat' dir='ltr'>ipse</span> <span class='ocrx_word' id='word_1_27' title='bbox 590 891 754 958; x_wconf 84' lang='lat' dir='ltr'>graecissas</span> <span class='ocrx_word' id='word_1_28' title='bbox 774 892 870 945; x_wconf 93' lang='lat' dir='ltr'>modo.</span> <span class='ocrx_word' id='word_1_29' title='bbox 889 890 956 946; x_wconf 80' lang='lat' dir='ltr'>Gor.</span> <span class='ocrx_word' id='word_1_30' title='bbox 975 891 1144 947; x_wconf 84' lang='lat' dir='ltr'>Graecarier</span> <span class='ocrx_word' id='word_1_31' title='bbox 1160 893 1181 959; x_wconf 80' lang='lat'>³)</span> 
     </span>
     <span class='ocr_line' id='line_1_7' title="bbox 434 988 1134 1056; baseline 0.001 -13"><span class='ocrx_word' id='word_1_32' title='bbox 434 988 535 1043; x_wconf 84' lang='lat' dir='ltr'>Malim</span> <span class='ocrx_word' id='word_1_33' title='bbox 555 989 645 1056; x_wconf 83' lang='lat' dir='ltr'>atque</span> <span class='ocrx_word' id='word_1_34' title='bbox 665 989 889 1056; x_wconf 85' lang='lat' dir='ltr'>pergraecarier.</span> <span class='ocrx_word' id='word_1_35' title='bbox 908 988 979 1044; x_wconf 82' lang='lat' dir='ltr'>Con.</span> <span class='ocrx_word' id='word_1_36' title='bbox 998 989 1134 1045; x_wconf 81' lang='lat' dir='ltr'>Facetior</span> 
     </span>
    </p>

    <p class='ocr_par' dir='ltr' id='par_1_6' title="bbox 433 1085 1197 1255">
     <span class='ocr_line' id='line_1_8' title="bbox 433 1085 1197 1153; baseline 0.004 -14"><span class='ocrx_word' id='word_1_37' title='bbox 433 1085 518 1139; x_wconf 86' lang='lat' dir='ltr'>Nosti</span> <span class='ocrx_word' id='word_1_38' title='bbox 538 1099 711 1152; x_wconf 86' lang='lat' dir='ltr'>essequam</span> <span class='ocrx_word' id='word_1_39' title='bbox 732 1085 914 1153; x_wconf 79' lang='lat' dir='ltr'>prudentior.</span> <span class='ocrx_word' id='word_1_40' title='bbox 933 1086 999 1141; x_wconf 79' lang='lat' dir='ltr'>Cot.</span> <span class='ocrx_word' id='word_1_41' title='bbox 1019 1087 1197 1142; x_wconf 88' lang='lat' dir='ltr'>Prudentior</span> 
     </span>
     <span class='ocr_line' id='line_1_9' title="bbox 433 1181 1095 1255; baseline 0.005 -19"><span class='ocrx_word' id='word_1_42' title='bbox 433 1181 498 1236; x_wconf 93' lang='lat' dir='ltr'>Imo</span> <span class='ocrx_word' id='word_1_43' title='bbox 516 1196 581 1237; x_wconf 85' lang='lat' dir='ltr'>esse</span> <span class='ocrx_word' id='word_1_44' title='bbox 600 1197 690 1251; x_wconf 86' lang='lat' dir='ltr'>quam</span> <span class='ocrx_word' id='word_1_45' title='bbox 710 1183 832 1238; x_wconf 77' lang='lat' dir='ltr'>facetior</span> <span class='ocrx_word' id='word_1_46' title='bbox 850 1197 973 1255; x_wconf 87' lang='lat' dir='ltr'>novero,</span> <span class='ocrx_word' id='word_1_47' title='bbox 992 1185 1017 1239; x_wconf 89' lang='lat' dir='ltr'>si</span> <span class='ocrx_word' id='word_1_48' title='bbox 1037 1185 1095 1240; x_wconf 85' lang='lat' dir='ltr'>erit</span> 
     </span>
    </p>

    <p class='ocr_par' dir='ltr' id='par_1_7' title="bbox 433 1279 1115 1447">
     <span class='ocr_line' id='line_1_10' title="bbox 433 1279 1115 1346; baseline 0.004 -13"><span class='ocrx_word' id='word_1_49' title='bbox 433 1279 529 1334; x_wconf 90' lang='lat' dir='ltr'>Unde.</span> <span class='ocrx_word' id='word_1_50' title='bbox 557 1280 593 1335; x_wconf 90' lang='lat' dir='ltr'>In</span> <span class='ocrx_word' id='word_1_51' title='bbox 612 1281 674 1335; x_wconf 87' lang='lat' dir='ltr'>dies</span> <span class='ocrx_word' id='word_1_52' title='bbox 693 1282 729 1344; x_wconf 86' lang='lat' dir='ltr'>(si</span> <span class='ocrx_word' id='word_1_53' title='bbox 749 1282 873 1346; x_wconf 87' lang='lat' dir='ltr'>occasio)</span> <span class='ocrx_word' id='word_1_54' title='bbox 892 1295 957 1336; x_wconf 86' lang='lat' dir='ltr'>esse</span> <span class='ocrx_word' id='word_1_55' title='bbox 977 1282 1022 1336; x_wconf 88' lang='lat' dir='ltr'>bis</span> <span class='ocrx_word' id='word_1_56' title='bbox 1041 1283 1115 1337; x_wconf 91' lang='lat' dir='ltr'>duoe</span> 
     </span>
     <span class='ocr_line' id='line_1_11' title="bbox 433 1376 1047 1447; baseline 0.002 -17"><span class='ocrx_word' id='word_1_57' title='bbox 433 1376 598 1431; x_wconf 69' lang='lat' dir='ltr'>scitissime</span> <span class='ocrx_word' id='word_1_58' title='bbox 618 1378 677 1432; x_wconf 89' lang='lat' dir='ltr'>scio</span> <span class='ocrx_word' id='word_1_59' title='bbox 696 1380 787 1446; x_wconf 87' lang='lat' dir='ltr'>atque</span> <span class='ocrx_word' id='word_1_60' title='bbox 806 1379 1047 1447; x_wconf 83' lang='lat' dir='ltr'>prudentissime.</span> 
     </span>
    </p>

    <p class='ocr_par' dir='ltr' id='par_1_8' title="bbox 431 1472 1234 1546">
     <span class='ocr_line' id='line_1_12' title="bbox 431 1472 1234 1546; baseline 0.001 -17"><span class='ocrx_word' id='word_1_61' title='bbox 431 1473 502 1529; x_wconf 86' lang='lat' dir='ltr'>Gerr.</span> <span class='ocrx_word' id='word_1_62' title='bbox 541 1472 704 1546; x_wconf 79' lang='lat' dir='ltr'>Habebas,</span> <span class='ocrx_word' id='word_1_63' title='bbox 723 1476 785 1531; x_wconf 91' lang='lat' dir='ltr'>tuis</span> <span class='ocrx_word' id='word_1_64' title='bbox 803 1477 885 1544; x_wconf 86' lang='lat' dir='ltr'>digni</span> <span class='ocrx_word' id='word_1_65' title='bbox 905 1476 982 1532; x_wconf 84' lang='lat' dir='ltr'>sales</span> <span class='ocrx_word' id='word_1_66' title='bbox 1000 1480 1073 1532; x_wconf 87' lang='lat' dir='ltr'>sunt</span> <span class='ocrx_word' id='word_1_67' title='bbox 1094 1477 1234 1533; x_wconf 85' lang='lat' dir='ltr'>moribus.</span> 
     </span>
    </p>
   </div>
   <div class='ocr_carea' id='block_1_5' title="bbox 282 1597 1032 1667">
    <p class='ocr_par' dir='ltr' id='par_1_9' title="bbox 282 1597 1032 1667">
     <span class='ocr_line' id='line_1_13' title="bbox 282 1597 1032 1667; baseline 0.008 -6"><span class='ocrx_word' id='word_1_68' title='bbox 282 1597 395 1662; x_wconf 87' lang='lat' dir='ltr'>Verbo</span> <span class='ocrx_word' id='word_1_69' title='bbox 419 1615 542 1663; x_wconf 70' lang='lat' dir='ltr'>rumim</span> <span class='ocrx_word' id='word_1_70' title='bbox 566 1600 651 1663; x_wconf 92' lang='lat' dir='ltr'>ludit</span> <span class='ocrx_word' id='word_1_71' title='bbox 674 1600 708 1663; x_wconf 91' lang='lat' dir='ltr'>in</span> <span class='ocrx_word' id='word_1_72' title='bbox 731 1600 785 1666; x_wconf 91' lang='lat' dir='ltr'>his</span> <span class='ocrx_word' id='word_1_73' title='bbox 808 1603 907 1666; x_wconf 85' lang='lat' dir='ltr'>Asot.</span> <span class='ocrx_word' id='word_1_74' title='bbox 936 1602 1032 1667; x_wconf 79' lang='lat'>1452.</span> 
     </span>
    </p>
   </div>
   <div class='ocr_carea' id='block_1_6' title="bbox 522 1740 1254 2100">
    <p class='ocr_par' dir='ltr' id='par_1_10' title="bbox 523 1740 1027 1797">
     <span class='ocr_line' id='line_1_14' title="bbox 523 1740 1027 1797; baseline 0.006 -3"><span class='ocrx_word' id='word_1_75' title='bbox 523 1740 624 1794; x_wconf 81' lang='lat' dir='ltr'>livida</span> <span class='ocrx_word' id='word_1_76' title='bbox 643 1741 722 1796; x_wconf 84' lang='lat' dir='ltr'>cutis</span> <span class='ocrx_word' id='word_1_77' title='bbox 740 1743 869 1797; x_wconf 85' lang='lat' dir='ltr'>curarier</span> <span class='ocrx_word' id='word_1_78' title='bbox 888 1741 1027 1797; x_wconf 75' lang='lat' dir='ltr'>facillime</span> 
     </span>
    </p>

    <p class='ocr_par' dir='ltr' id='par_1_11' title="bbox 522 1837 1254 2100">
     <span class='ocr_line' id='line_1_15' title="bbox 523 1837 1139 1907; baseline 0.008 -17"><span class='ocrx_word' id='word_1_79' title='bbox 523 1837 677 1906; x_wconf 85' lang='lat' dir='ltr'>Potestur,</span> <span class='ocrx_word' id='word_1_80' title='bbox 696 1840 728 1893; x_wconf 86' lang='lat' dir='ltr'>at</span> <span class='ocrx_word' id='word_1_81' title='bbox 748 1854 848 1893; x_wconf 67' lang='lat' dir='ltr'>»recum</span> <span class='ocrx_word' id='word_1_82' title='bbox 867 1839 959 1894; x_wconf 87' lang='lat' dir='ltr'>semel</span> <span class='ocrx_word' id='word_1_83' title='bbox 979 1840 1139 1907; x_wconf 88' lang='lat' dir='ltr'>suspendio</span> 
     </span>
     <span class='ocr_line' id='line_1_16' title="bbox 522 1933 1254 2004; baseline 0.005 -16"><span class='ocrx_word' id='word_1_84' title='bbox 522 1933 635 1990; x_wconf 87' lang='lat' dir='ltr'>Guttur</span> <span class='ocrx_word' id='word_1_85' title='bbox 653 1936 730 1991; x_wconf 89' lang='lat' dir='ltr'>cruci</span> <span class='ocrx_word' id='word_1_86' title='bbox 752 1937 908 1991; x_wconf 81' lang='lat' dir='ltr'>marcescit</span> <span class='ocrx_word' id='word_1_87' title='bbox 927 1951 1020 2004; x_wconf 87' lang='lat' dir='ltr'>usque</span> <span class='ocrx_word' id='word_1_88' title='bbox 1039 1939 1254 1992; x_wconf 90' lang='lat' dir='ltr'>miserrimum.</span> 
     </span>
     <span class='ocr_line' id='line_1_17' title="bbox 523 2033 1060 2100; baseline -0.002 -13"><span class='ocrx_word' id='word_1_89' title='bbox 523 2034 624 2100; x_wconf 84' lang='lat' dir='ltr'>Apage</span> <span class='ocrx_word' id='word_1_90' title='bbox 642 2047 660 2087; x_wconf 87' lang='lat' dir='ltr'>a</span> <span class='ocrx_word' id='word_1_91' title='bbox 678 2033 748 2100; x_wconf 86' lang='lat' dir='ltr'>gula</span> <span class='ocrx_word' id='word_1_92' title='bbox 767 2048 867 2087; x_wconf 79' lang='lat' dir='ltr'>nexum</span> <span class='ocrx_word' id='word_1_93' title='bbox 886 2033 966 2089; x_wconf 91' lang='lat' dir='ltr'>hunc</span> <span class='ocrx_word' id='word_1_94' title='bbox 986 2048 1060 2088; x_wconf 87' lang='lat' dir='ltr'>mea.</span> 
     </span>
    </p>
   </div>
   <div class='ocr_carea' id='block_1_7' title="bbox 283 2155 823 2223">
    <p class='ocr_par' dir='ltr' id='par_1_12' title="bbox 283 2155 823 2223">
     <span class='ocr_line' id='line_1_18' title="bbox 283 2155 823 2223; baseline 0.007 -5"><span class='ocrx_word' id='word_1_95' title='bbox 283 2155 320 2218; x_wconf 90' lang='lat' dir='ltr'>ln</span> <span class='ocrx_word' id='word_1_96' title='bbox 345 2158 450 2220; x_wconf 88' lang='lat' dir='ltr'>verbo</span> <span class='ocrx_word' id='word_1_97' title='bbox 473 2174 575 2221; x_wconf 79' lang='lat' dir='ltr'>auum</span> <span class='ocrx_word' id='word_1_98' title='bbox 599 2159 696 2222; x_wconf 80' lang='lat' dir='ltr'>Asot.</span> <span class='ocrx_word' id='word_1_99' title='bbox 727 2158 823 2223; x_wconf 84' lang='lat'>1105.</span> 
     </span>
    </p>
   </div>
   <div class='ocr_carea' id='block_1_8' title="bbox 522 2298 1197 2466">
    <p class='ocr_par' dir='ltr' id='par_1_13' title="bbox 522 2298 1197 2466">
     <span class='ocr_line' id='line_1_19' title="bbox 523 2298 1197 2367; baseline 0.001 -15"><span class='ocrx_word' id='word_1_100' title='bbox 523 2298 599 2352; x_wconf 87' lang='lat' dir='ltr'>Nam</span> <span class='ocrx_word' id='word_1_101' title='bbox 619 2298 736 2365; x_wconf 85' lang='lat' dir='ltr'>siliquis</span> <span class='ocrx_word' id='word_1_102' title='bbox 754 2313 837 2353; x_wconf 75' lang='lat' dir='ltr'>mmo</span> <span class='ocrx_word' id='word_1_103' title='bbox 855 2300 938 2367; x_wconf 89' lang='lat' dir='ltr'>cupit</span> <span class='ocrx_word' id='word_1_104' title='bbox 958 2300 1095 2353; x_wconf 89' lang='lat' dir='ltr'>ventrem</span> <span class='ocrx_word' id='word_1_105' title='bbox 1114 2314 1197 2353; x_wconf 82' lang='lat' dir='ltr'>suum</span> 
     </span>
     <span class='ocr_line' id='line_1_20' title="bbox 522 2396 1195 2466; baseline -0.001 -16"><span class='ocrx_word' id='word_1_106' title='bbox 522 2396 676 2457; x_wconf 84' lang='lat' dir='ltr'>Saturare,</span> <span class='ocrx_word' id='word_1_107' title='bbox 696 2396 721 2449; x_wconf 92' lang='lat' dir='ltr'>si</span> <span class='ocrx_word' id='word_1_108' title='bbox 741 2396 782 2450; x_wconf 93' lang='lat' dir='ltr'>sit</span> <span class='ocrx_word' id='word_1_109' title='bbox 801 2396 965 2466; x_wconf 82' lang='lat' dir='ltr'>quispiam,</span> <span class='ocrx_word' id='word_1_110' title='bbox 985 2396 1035 2462; x_wconf 86' lang='lat' dir='ltr'>qui</span> <span class='ocrx_word' id='word_1_111' title='bbox 1056 2397 1195 2464; x_wconf 86' lang='lat' dir='ltr'>porrigat.</span> 
     </span>
    </p>
   </div>
   <div class='ocr_carea' id='block_1_9' title="bbox 283 2518 902 2585">
    <p class='ocr_par' dir='ltr' id='par_1_14' title="bbox 283 2518 902 2585">
     <span class='ocr_line' id='line_1_21' title="bbox 283 2518 902 2585; baseline 0.003 -3"><span class='ocrx_word' id='word_1_112' title='bbox 283 2518 479 2583; x_wconf 85' lang='lat' dir='ltr'>Obscoenus</span> <span class='ocrx_word' id='word_1_113' title='bbox 503 2519 599 2583; x_wconf 84' lang='lat' dir='ltr'>lusus</span> <span class='ocrx_word' id='word_1_114' title='bbox 623 2525 677 2583; x_wconf 87' lang='lat' dir='ltr'>est</span> <span class='ocrx_word' id='word_1_115' title='bbox 701 2520 800 2584; x_wconf 85' lang='lat' dir='ltr'>Aeot.</span> <span class='ocrx_word' id='word_1_116' title='bbox 827 2520 902 2585; x_wconf 81' lang='lat'>453.</span> 
     </span>
    </p>
   </div>
   <div class='ocr_carea' id='block_1_10' title="bbox 272 2659 1490 3114">
    <p class='ocr_par' dir='ltr' id='par_1_15' title="bbox 272 2659 1490 2811">
     <span class='ocr_line' id='line_1_22' title="bbox 272 2659 1490 2730; baseline 0.001 -16"><span class='ocrx_word' id='word_1_117' title='bbox 272 2660 342 2714; x_wconf 83' lang='lat' dir='ltr'>Con.</span> <span class='ocrx_word' id='word_1_118' title='bbox 363 2660 460 2719; x_wconf 80' lang='lat' dir='ltr'>Heus,</span> <span class='ocrx_word' id='word_1_119' title='bbox 479 2659 598 2729; x_wconf 85' lang='lat' dir='ltr'>Daetre,</span> <span class='ocrx_word' id='word_1_120' title='bbox 617 2662 647 2714; x_wconf 89' lang='lat' dir='ltr'>te</span> <span class='ocrx_word' id='word_1_121' title='bbox 666 2660 739 2715; x_wconf 84' lang='lat' dir='ltr'>volo.</span> <span class='ocrx_word' id='word_1_122' title='bbox 760 2659 874 2715; x_wconf 69' lang='lat' dir='ltr'>Dima.</span> <span class='ocrx_word' id='word_1_123' title='bbox 891 2659 984 2730; x_wconf 84' lang='lat' dir='ltr'>Hem,</span> <span class='ocrx_word' id='word_1_124' title='bbox 997 2661 1132 2729; x_wconf 84' lang='lat' dir='ltr'>domine,</span> <span class='ocrx_word' id='word_1_125' title='bbox 1145 2662 1263 2727; x_wconf 85' lang='lat' dir='ltr'>praesto</span> <span class='ocrx_word' id='word_1_126' title='bbox 1276 2675 1360 2730; x_wconf 90' lang='lat' dir='ltr'>sum,</span> <span class='ocrx_word' id='word_1_127' title='bbox 1374 2662 1490 2716; x_wconf 73' lang='lat' dir='ltr'>obrrlcre</span> 
     </span>
     <span class='ocr_line' id='line_1_23' title="bbox 363 2757 495 2811; baseline -0.008 0"><span class='ocrx_word' id='word_1_128' title='bbox 363 2758 397 2811; x_wconf 90' lang='lat' dir='ltr'>ut</span> <span class='ocrx_word' id='word_1_129' title='bbox 416 2757 495 2811; x_wconf 85' lang='lat' dir='ltr'>libet.</span> 
     </span>
    </p>

    <p class='ocr_par' dir='ltr' id='par_1_16' title="bbox 272 2853 1407 3114">
     <span class='ocr_line' id='line_1_24' title="bbox 272 2853 1249 2924; baseline 0 -15"><span class='ocrx_word' id='word_1_130' title='bbox 272 2855 342 2909; x_wconf 83' lang='lat' dir='ltr'>Con.</span> <span class='ocrx_word' id='word_1_131' title='bbox 363 2854 402 2909; x_wconf 85' lang='lat' dir='ltr'>Te</span> <span class='ocrx_word' id='word_1_132' title='bbox 422 2854 546 2920; x_wconf 77' lang='lat' dir='ltr'>perduat</span> <span class='ocrx_word' id='word_1_133' title='bbox 565 2854 669 2920; x_wconf 85' lang='lat' dir='ltr'>tuique</span> <span class='ocrx_word' id='word_1_134' title='bbox 688 2854 808 2909; x_wconf 79' lang='lat' dir='ltr'>abusum</span> <span class='ocrx_word' id='word_1_135' title='bbox 828 2853 1010 2924; x_wconf 83' lang='lat' dir='ltr'>Asphaltus‚</span> <span class='ocrx_word' id='word_1_136' title='bbox 1030 2855 1249 2922; x_wconf 81' lang='lat' dir='ltr'>impurissime,</span> 
     </span>
     <span class='ocr_line' id='line_1_25' title="bbox 362 2950 1407 3018; baseline 0.001 -11"><span class='ocrx_word' id='word_1_137' title='bbox 362 2951 414 3007; x_wconf 91' lang='lat' dir='ltr'>Uti</span> <span class='ocrx_word' id='word_1_138' title='bbox 435 2950 507 3005; x_wconf 91' lang='lat' dir='ltr'>libet</span> <span class='ocrx_word' id='word_1_139' title='bbox 527 2951 698 3018; x_wconf 80' lang='lat' dir='ltr'>potioribus.</span> <span class='ocrx_word' id='word_1_140' title='bbox 736 2952 851 3006; x_wconf 67' lang='lat' dir='ltr'>Danaa.</span> <span class='ocrx_word' id='word_1_141' title='bbox 872 2952 946 3018; x_wconf 83' lang='lat' dir='ltr'>Quid</span> <span class='ocrx_word' id='word_1_142' title='bbox 965 2953 1122 3007; x_wconf 83' lang='lat' dir='ltr'>dixeram?</span> <span class='ocrx_word' id='word_1_143' title='bbox 1160 2952 1203 3007; x_wconf 89' lang='lat' dir='ltr'>Ut</span> <span class='ocrx_word' id='word_1_144' title='bbox 1222 2952 1304 3008; x_wconf 89' lang='lat' dir='ltr'>lubet</span> <span class='ocrx_word' id='word_1_145' title='bbox 1324 2955 1407 3008; x_wconf 89' lang='lat' dir='ltr'>utere</span> 
     </span>
     <span class='ocr_line' id='line_1_26' title="bbox 363 3048 735 3114; baseline -0.011 -11"><span class='ocrx_word' id='word_1_146' title='bbox 363 3048 463 3103; x_wconf 89' lang='lat' dir='ltr'>Dicere</span> <span class='ocrx_word' id='word_1_147' title='bbox 482 3048 593 3103; x_wconf 89' lang='lat' dir='ltr'>volenti</span> <span class='ocrx_word' id='word_1_148' title='bbox 615 3049 735 3114; x_wconf 86' lang='lat' dir='ltr'>parcito.</span> 
     </span>
    </p>
   </div>
   <div class='ocr_carea' id='block_1_11' title="bbox 236 3172 1488 3353">
    <p class='ocr_par' dir='ltr' id='par_1_17' title="bbox 236 3172 1488 3353">
     <span class='ocr_line' id='line_1_27' title="bbox 282 3172 1488 3262; baseline 0.002 -25"><span class='ocrx_word' id='word_1_149' title='bbox 282 3172 333 3237; x_wconf 80' lang='lat' dir='ltr'>Ex</span> <span class='ocrx_word' id='word_1_150' title='bbox 358 3172 480 3252; x_wconf 88' lang='lat' dir='ltr'>duplici</span> <span class='ocrx_word' id='word_1_151' title='bbox 503 3172 748 3252; x_wconf 89' lang='lat' dir='ltr'>significatione</span> <span class='ocrx_word' id='word_1_152' title='bbox 774 3173 927 3237; x_wconf 84' lang='lat' dir='ltr'>vocabuli</span> <span class='ocrx_word' id='word_1_153' title='bbox 950 3174 1025 3238; x_wconf 78' lang='grc'><strong>0010</strong></span> <span class='ocrx_word' id='word_1_154' title='bbox 1048 3173 1223 3262; x_wconf 87' lang='lat' dir='ltr'>(stolidus)</span> <span class='ocrx_word' id='word_1_155' title='bbox 1246 3174 1342 3239; x_wconf 86' lang='lat' dir='ltr'>lusus</span> <span class='ocrx_word' id='word_1_156' title='bbox 1358 3176 1488 3256; x_wconf 88' lang='lat' dir='ltr'>petitur</span> 
     </span>
     <span class='ocr_line' id='line_1_28' title="bbox 236 3289 392 3353; baseline 0 0"><span class='ocrx_word' id='word_1_157' title='bbox 236 3289 290 3353; x_wconf 89' lang='lat' dir='ltr'>Al.</span> <span class='ocrx_word' id='word_1_158' title='bbox 320 3289 392 3353; x_wconf 81' lang='grc'><strong>115.</strong></span> 
     </span>
    </p>
   </div>
   <div class='ocr_carea' id='block_1_12' title="bbox 272 3427 1488 3888">
    <p class='ocr_par' dir='ltr' id='par_1_18' title="bbox 272 3427 1488 3888">
     <span class='ocr_line' id='line_1_29' title="bbox 273 3427 1236 3497; baseline 0 -12"><span class='ocrx_word' id='word_1_159' title='bbox 273 3430 385 3486; x_wconf 67' lang='lat' dir='ltr'>Sanan.</span> <span class='ocrx_word' id='word_1_160' title='bbox 422 3428 551 3483; x_wconf 85' lang='lat' dir='ltr'>Videsne</span> <span class='ocrx_word' id='word_1_161' title='bbox 570 3428 710 3483; x_wconf 85' lang='lat' dir='ltr'>stolidam</span> <span class='ocrx_word' id='word_1_162' title='bbox 730 3427 874 3483; x_wconf 84' lang='lat' dir='ltr'>feminam</span> <span class='ocrx_word' id='word_1_163' title='bbox 894 3428 977 3483; x_wconf 90' lang='lat' dir='ltr'>illam</span> <span class='ocrx_word' id='word_1_164' title='bbox 997 3431 1028 3484; x_wconf 90' lang='lat' dir='ltr'>et</span> <span class='ocrx_word' id='word_1_165' title='bbox 1047 3430 1118 3497; x_wconf 90' lang='lat' dir='ltr'>quid</span> <span class='ocrx_word' id='word_1_166' title='bbox 1136 3429 1236 3485; x_wconf 79' lang='lat' dir='ltr'>ierat?</span> 
     </span>
     <span class='ocr_line' id='line_1_30' title="bbox 281 3524 1087 3595; baseline 0.001 -15"><span class='ocrx_word' id='word_1_167' title='bbox 281 3525 381 3580; x_wconf 69' lang='lat' dir='ltr'>Hans.</span> <span class='ocrx_word' id='word_1_168' title='bbox 420 3524 550 3592; x_wconf 79' lang='lat' dir='ltr'>Quidni?</span> <span class='ocrx_word' id='word_1_169' title='bbox 568 3525 740 3580; x_wconf 76' lang='lat' dir='ltr'>cohortales</span> <span class='ocrx_word' id='word_1_170' title='bbox 759 3539 836 3593; x_wconf 83' lang='lat' dir='ltr'>oves,</span> <span class='ocrx_word' id='word_1_171' title='bbox 856 3540 946 3593; x_wconf 86' lang='lat' dir='ltr'>quam</span> <span class='ocrx_word' id='word_1_172' title='bbox 966 3526 1087 3595; x_wconf 89' lang='lat' dir='ltr'>plurimi</span> 
     </span>
     <span class='ocr_line' id='line_1_31' title="bbox 417 3621 1029 3691; baseline -0.003 -15"><span class='ocrx_word' id='word_1_173' title='bbox 417 3621 461 3676; x_wconf 93' lang='lat' dir='ltr'>Ut</span> <span class='ocrx_word' id='word_1_174' title='bbox 479 3624 623 3686; x_wconf 86' lang='lat' dir='ltr'>veneant,</span> <span class='ocrx_word' id='word_1_175' title='bbox 642 3623 776 3678; x_wconf 89' lang='lat' dir='ltr'>obtrudit</span> <span class='ocrx_word' id='word_1_176' title='bbox 795 3623 873 3678; x_wconf 90' lang='lat' dir='ltr'>ultro</span> <span class='ocrx_word' id='word_1_177' title='bbox 893 3623 1029 3691; x_wconf 85' lang='lat' dir='ltr'>singulis.</span> 
     </span>
     <span class='ocr_line' id='line_1_32' title="bbox 273 3718 1195 3786; baseline -0.002 -12"><span class='ocrx_word' id='word_1_178' title='bbox 273 3719 384 3775; x_wconf 67' lang='lat' dir='ltr'>Sanan.</span> <span class='ocrx_word' id='word_1_179' title='bbox 422 3718 509 3774; x_wconf 86' lang='lat' dir='ltr'>Illam</span> <span class='ocrx_word' id='word_1_180' title='bbox 528 3733 582 3786; x_wconf 87' lang='lat' dir='ltr'>ego</span> <span class='ocrx_word' id='word_1_181' title='bbox 601 3721 636 3774; x_wconf 90' lang='lat' dir='ltr'>ut</span> <span class='ocrx_word' id='word_1_182' title='bbox 655 3734 732 3774; x_wconf 83' lang='lat' dir='ltr'>ovem</span> <span class='ocrx_word' id='word_1_183' title='bbox 750 3720 884 3775; x_wconf 87' lang='lat' dir='ltr'>delusero</span> <span class='ocrx_word' id='word_1_184' title='bbox 905 3733 1034 3774; x_wconf 89' lang='lat' dir='ltr'>mercem</span> <span class='ocrx_word' id='word_1_185' title='bbox 1053 3719 1195 3776; x_wconf 83' lang='lat' dir='ltr'>auferam.</span> 
     </span>
     <span class='ocr_line' id='line_1_33' title="bbox 272 3815 1488 3888; baseline 0.002 -16"><span class='ocrx_word' id='word_1_186' title='bbox 272 3816 307 3872; x_wconf 89' lang='grc'>01.</span> <span class='ocrx_word' id='word_1_187' title='bbox 336 3818 420 3871; x_wconf 81' lang='lat' dir='ltr'>Aeot.</span> <span class='ocrx_word' id='word_1_188' title='bbox 447 3815 498 3870; x_wconf 80' lang='lat'>578</span> <span class='ocrx_word' id='word_1_189' title='bbox 523 3815 570 3869; x_wconf 87' lang='lat' dir='ltr'>An</span> <span class='ocrx_word' id='word_1_190' title='bbox 595 3816 656 3871; x_wconf 83' lang='lat' dir='ltr'>ovis</span> <span class='ocrx_word' id='word_1_191' title='bbox 677 3817 822 3871; x_wconf 87' lang='lat' dir='ltr'>eiusmodi</span> <span class='ocrx_word' id='word_1_192' title='bbox 842 3817 904 3871; x_wconf 90' lang='lat' dir='ltr'>tibo</span> <span class='ocrx_word' id='word_1_193' title='bbox 923 3817 1041 3886; x_wconf 87' lang='lat' dir='ltr'>videor,</span> <span class='ocrx_word' id='word_1_194' title='bbox 1061 3817 1197 3888; x_wconf 80' lang='lat' dir='ltr'>impure,</span> <span class='ocrx_word' id='word_1_195' title='bbox 1218 3818 1338 3886; x_wconf 89' lang='lat' dir='ltr'>quicum</span> <span class='ocrx_word' id='word_1_196' title='bbox 1358 3817 1488 3874; x_wconf 86' lang='lat' dir='ltr'>lusites‘?</span> 
     </span>
    </p>
   </div>
   <div class='ocr_carea' id='block_1_13' title="bbox 237 4076 1488 4248">
    <p class='ocr_par' dir='ltr' id='par_1_19' title="bbox 237 4076 1488 4248">
     <span class='ocr_line' id='line_1_34' title="bbox 276 4076 1487 4148; baseline 0.002 -15"><span class='ocrx_word' id='word_1_197' title='bbox 276 4079 297 4144; x_wconf 90' lang='lat'>¹)</span> <span class='ocrx_word' id='word_1_198' title='bbox 321 4078 387 4133; x_wconf 83' lang='lat' dir='ltr'>Iam</span> <span class='ocrx_word' id='word_1_199' title='bbox 413 4077 537 4132; x_wconf 85' lang='lat' dir='ltr'>Plautus</span> <span class='ocrx_word' id='word_1_200' title='bbox 562 4076 736 4144; x_wconf 85' lang='lat' dir='ltr'>exemplum</span> <span class='ocrx_word' id='word_1_201' title='bbox 755 4077 837 4132; x_wconf 90' lang='lat' dir='ltr'>dedit</span> <span class='ocrx_word' id='word_1_202' title='bbox 855 4076 974 4132; x_wconf 91' lang='lat' dir='ltr'>ludendi</span> <span class='ocrx_word' id='word_1_203' title='bbox 995 4078 1092 4132; x_wconf 89' lang='lat' dir='ltr'>verbis</span> <span class='ocrx_word' id='word_1_204' title='bbox 1112 4092 1240 4146; x_wconf 89' lang='lat' dir='ltr'>quorum</span> <span class='ocrx_word' id='word_1_205' title='bbox 1258 4078 1389 4135; x_wconf 81' lang='lat' dir='ltr'>alterum</span> <span class='ocrx_word' id='word_1_206' title='bbox 1407 4093 1487 4148; x_wconf 86' lang='lat' dir='ltr'>gree·</span> 
     </span>
     <span class='ocr_line' id='line_1_35' title="bbox 237 4169 1488 4248; baseline 0.003 -23"><span class='ocrx_word' id='word_1_207' title='bbox 237 4185 320 4235; x_wconf 90' lang='lat' dir='ltr'>cum,</span> <span class='ocrx_word' id='word_1_208' title='bbox 345 4170 474 4225; x_wconf 87' lang='lat' dir='ltr'>alterum</span> <span class='ocrx_word' id='word_1_209' title='bbox 500 4170 629 4225; x_wconf 90' lang='lat' dir='ltr'>latinum</span> <span class='ocrx_word' id='word_1_210' title='bbox 655 4171 702 4224; x_wconf 89' lang='lat' dir='ltr'>est</span> <span class='ocrx_word' id='word_1_211' title='bbox 726 4184 751 4224; x_wconf 93' lang='lat' dir='ltr'>e.</span> <span class='ocrx_word' id='word_1_212' title='bbox 775 4184 818 4238; x_wconf 88' lang='lat' dir='ltr'>gr.</span> <span class='ocrx_word' id='word_1_213' title='bbox 845 4169 903 4225; x_wconf 87' lang='lat' dir='ltr'>Mil.</span> <span class='ocrx_word' id='word_1_214' title='bbox 924 4169 1001 4226; x_wconf 82' lang='lat' dir='ltr'>Glor.</span> <span class='ocrx_word' id='word_1_215' title='bbox 1020 4171 1074 4226; x_wconf 81' lang='lat'>369</span> <span class='ocrx_word' id='word_1_216' title='bbox 1093 4171 1153 4240; x_wconf 83' lang='lat' dir='ltr'>Ego</span> <span class='ocrx_word' id='word_1_217' title='bbox 1171 4185 1254 4226; x_wconf 84' lang='lat' dir='ltr'>mora</span> <span class='ocrx_word' id='word_1_218' title='bbox 1271 4170 1374 4248; x_wconf 73' lang='grc' dir='ltr'>(μωροὶ)</span> <span class='ocrx_word' id='word_1_219' title='bbox 1391 4188 1488 4229; x_wconf 84' lang='lat' dir='ltr'>moror</span> 
     </span>
    </p>
   </div>
   <div class='ocr_carea' id='block_1_14' title="bbox 235 4261 1488 4508">
    <p class='ocr_par' dir='ltr' id='par_1_20' title="bbox 235 4261 1488 4508">
     <span class='ocr_line' id='line_1_36' title="bbox 237 4261 1487 4333; baseline 0.004 -16"><span class='ocrx_word' id='word_1_220' title='bbox 237 4262 384 4327; x_wconf 88' lang='lat' dir='ltr'>multum,</span> <span class='ocrx_word' id='word_1_221' title='bbox 403 4262 482 4330; x_wconf 85' lang='lat' dir='ltr'>Quae</span> <span class='ocrx_word' id='word_1_222' title='bbox 501 4277 570 4318; x_wconf 91' lang='lat' dir='ltr'>cum</span> <span class='ocrx_word' id='word_1_223' title='bbox 590 4263 645 4317; x_wconf 91' lang='lat' dir='ltr'>hoc</span> <span class='ocrx_word' id='word_1_224' title='bbox 663 4263 770 4317; x_wconf 88' lang='lat' dir='ltr'>insano</span> <span class='ocrx_word' id='word_1_225' title='bbox 789 4261 916 4332; x_wconf 85' lang='lat' dir='ltr'>fabuler;</span> <span class='ocrx_word' id='word_1_226' title='bbox 936 4264 993 4319; x_wconf 86' lang='lat' dir='ltr'>elia</span> <span class='ocrx_word' id='word_1_227' title='bbox 1011 4263 1150 4333; x_wconf 85' lang='lat' dir='ltr'>exempla</span> <span class='ocrx_word' id='word_1_228' title='bbox 1162 4265 1230 4320; x_wconf 83' lang='lat' dir='ltr'>vide</span> <span class='ocrx_word' id='word_1_229' title='bbox 1241 4266 1361 4320; x_wconf 82' lang='lat' dir='ltr'>Lorenz.</span> <span class='ocrx_word' id='word_1_230' title='bbox 1373 4267 1487 4323; x_wconf 88' lang='lat' dir='ltr'>Intrcd.</span> 
     </span>
     <span class='ocr_line' id='line_1_37' title="bbox 235 4348 1384 4418; baseline 0 -13"><span class='ocrx_word' id='word_1_231' title='bbox 235 4352 273 4405; x_wconf 86' lang='lat' dir='ltr'>ed</span> <span class='ocrx_word' id='word_1_232' title='bbox 291 4350 354 4407; x_wconf 90' lang='lat' dir='ltr'>mil.</span> <span class='ocrx_word' id='word_1_233' title='bbox 375 4348 455 4405; x_wconf 85' lang='lat' dir='ltr'>Glor.</span> <span class='ocrx_word' id='word_1_234' title='bbox 475 4362 531 4418; x_wconf 85' lang='lat' dir='ltr'>pag</span> <span class='ocrx_word' id='word_1_235' title='bbox 550 4349 568 4404; x_wconf 84' lang='lat'><strong>6</strong></span> <span class='ocrx_word' id='word_1_236' title='bbox 587 4352 647 4405; x_wconf 90' lang='lat' dir='ltr'>not.</span> <span class='ocrx_word' id='word_1_237' title='bbox 1383 4413 1384 4416; x_wconf 8' lang='grc' dir='ltr'><strong>Ἴ</strong></span> 
     </span>
     <span class='ocr_line' id='line_1_38' title="bbox 273 4437 1488 4508; baseline 0.002 -13"><span class='ocrx_word' id='word_1_238' title='bbox 273 4439 296 4507; x_wconf 83' lang='lat'>²)</span> <span class='ocrx_word' id='word_1_239' title='bbox 323 4437 438 4496; x_wconf 85' lang='lat' dir='ltr'>Similis</span> <span class='ocrx_word' id='word_1_240' title='bbox 466 4437 551 4494; x_wconf 91' lang='lat' dir='ltr'>lusus</span> <span class='ocrx_word' id='word_1_241' title='bbox 577 4440 675 4494; x_wconf 81' lang='lat' dir='ltr'>Adam</span> <span class='ocrx_word' id='word_1_242' title='bbox 702 4438 770 4495; x_wconf 83' lang='lat'>1832</span> <span class='ocrx_word' id='word_1_243' title='bbox 797 4440 835 4495; x_wconf 87' lang='lat' dir='ltr'>Et</span> <span class='ocrx_word' id='word_1_244' title='bbox 853 4455 870 4494; x_wconf 95' lang='grc'><strong>0</strong></span> <span class='ocrx_word' id='word_1_245' title='bbox 890 4441 1008 4496; x_wconf 83' lang='lat' dir='ltr'>utinam</span> <span class='ocrx_word' id='word_1_246' title='bbox 1028 4442 1105 4508; x_wconf 89' lang='lat' dir='ltr'>quod</span> <span class='ocrx_word' id='word_1_247' title='bbox 1124 4442 1169 4497; x_wconf 90' lang='lat' dir='ltr'>ais</span> <span class='ocrx_word' id='word_1_248' title='bbox 1187 4442 1269 4496; x_wconf 85' lang='lat' dir='ltr'>modo</span> <span class='ocrx_word' id='word_1_249' title='bbox 1290 4442 1369 4498; x_wconf 90' lang='lat' dir='ltr'>haud</span> <span class='ocrx_word' id='word_1_250' title='bbox 1389 4446 1488 4499; x_wconf 82' lang='lat' dir='ltr'>careat</span> 
     </span>
    </p>
   </div>
   <div class='ocr_carea' id='block_1_15' title="bbox 237 4528 1165 4688">
    <p class='ocr_par' dir='ltr' id='par_1_21' title="bbox 237 4528 1165 4688">
     <span class='ocr_line' id='line_1_39' title="bbox 237 4528 1165 4688; baseline -0.002 -13"><span class='ocrx_word' id='word_1_251' title='bbox 237 4528 366 4682; x_wconf 44' lang='lat' dir='ltr'>modo-cr·</span> <span class='ocrx_word' id='word_1_252' title='bbox 384 4616 521 4673; x_wconf 76' lang='grc'><strong>010000.</strong></span> <span class='ocrx_word' id='word_1_253' title='bbox 541 4616 605 4673; x_wconf 85' lang='lat' dir='ltr'>Scis</span> <span class='ocrx_word' id='word_1_254' title='bbox 623 4618 739 4686; x_wconf 68' lang='grc'><strong>0100031</strong></span> <span class='ocrx_word' id='word_1_255' title='bbox 758 4619 847 4672; x_wconf 87' lang='lat' dir='ltr'>Asor.</span> <span class='ocrx_word' id='word_1_256' title='bbox 865 4618 925 4687; x_wconf 83' lang='lat' dir='ltr'>ita,</span> <span class='ocrx_word' id='word_1_257' title='bbox 944 4620 976 4673; x_wconf 89' lang='lat' dir='ltr'>et</span> <span class='ocrx_word' id='word_1_258' title='bbox 993 4618 1165 4688; x_wconf 66' lang='lat' dir='ltr'>praecario.</span> 
     </span>
    </p>
   </div>
   <div class='ocr_carea' id='block_1_16' title="bbox 0 0 1640 5310">
    <p class='ocr_par' dir='ltr' id='par_1_22' title="bbox 0 0 1640 5310">
     <span class='ocr_line' id='line_1_40' title="bbox 0 0 1640 5310; baseline 0 0"><span class='ocrx_word' id='word_1_259' title='bbox 0 0 1640 5310; x_wconf 95' lang='lat' dir='ltr'> </span> 
     </span>
    </p>
   </div>
  </div>
 </body>
</html>
