3270 5310
782 382 847 446 204

277 577 428 644 i'uresque
447 576 681 632 versutissimos.
719 576 830 630 Paanr.
850 575 999 641 Quosnam
1019 575 1116 630 duos?

277 674 354 729 Mne.
374 673 523 740 Simplum
543 672 740 741 Duplumque.
778 672 830 727 Pa.
849 671 956 726 Nullus
975 672 1038 741 est,
1057 673 1107 740 qui
1128 673 1175 728 vel
1197 673 1314 741 Duplus

207 775 244 826 5¹².
279 770 332 825 Vel
352 769 485 839 simplus
504 769 677 838 appellatur.
715 770 772 834 At,
791 770 921 839 Megera,
942 770 1012 838 quid

277 868 363 923 Furti
384 869 564 935 patrarunt?
601 867 681 923 Num
701 867 755 921 tibi
776 866 854 921 mala
872 869 926 922 aut
945 881 1019 936 pyra

277 965 348 1020 Dolo
368 964 563 1019 involarunt‘?
582 966 637 1019 ant
655 964 725 1031 quid
743 964 791 1018 eet
809 964 918 1018 similis
935 965 1000 1019 rei?

277 1063 353 1117 Mne.
374 1063 465 1130 Pyra,
486 1076 588 1130 poma,
607 1061 703 1117 multa
722 1062 753 1115 et
773 1061 802 1115 id
821 1075 917 1128 genus
937 1061 1070 1127 bellaria,
1089 1064 1135 1126 et,

279 1158 360 1226 Quod
380 1160 567 1224 maximum,
587 1173 686 1213 meam
704 1159 800 1227 ipsius
820 1159 984 1226 pecuniam.

238 1296 244 1307 .
278 1257 329 1311 Pa.
350 1256 449 1312 Etiam
471 1258 556 1311 tuam
578 1255 755 1324 pecuniam?
792 1257 869 1310 Mne.
891 1256 1066 1324 Pecuniam,

277 1353 474 1421 Nequissimii
495 1354 648 1420 suspende
667 1366 718 1407 eos
737 1367 805 1408 curn
826 1354 930 1417 tertio,

277 1451 369 1519 Quem
388 1452 419 1506 et
439 1452 503 1519 ipsa
521 1451 634 1505 dudum
654 1451 784 1516 comperi
805 1451 1032 1518 nequissimum.

277 1547 346 1603 Sar.
367 1548 454 1603 Latet
474 1547 521 1602 hic
540 1547 636 1615 dolus;
656 1561 727 1602 narn
747 1548 820 1602 sunt
839 1547 944 1611 iidem,
963 1548 995 1601 et
1012 1548 1134 1602 nomina

278 1646 357 1700 Astu
376 1659 430 1699 sua
451 1645 614 1711 invertere,
634 1645 748 1699 nocito
768 1645 917 1712 quispiam

238 1784 244 1798 .
276 1741 312 1796 Se
331 1741 534 1809 deprehendat
553 1741 668 1796 noxios.
705 1742 757 1795 Pa.
777 1741 943 1796 considero.

278 1839 338 1892 Nos
358 1852 480 1905 sequere
500 1853 568 1894 cum
588 1852 659 1893 sene
678 1839 789 1894 rustico
808 1839 841 1893 in
861 1838 1061 1903 Praetorium,

277 1935 338 2003 Quo
358 1935 449 1989 latius
468 1949 573 1990 causae
593 1936 775 2003 modumque
794 1937 825 1989 et
844 1936 979 1990 ordinem

278 2033 349 2087 Mihi
369 2031 499 2101 explices
517 2034 549 2086 et
568 2033 691 2100 recipias
711 2033 874 2099 pecuniam.

278 2130 353 2185 Mne.
374 2129 534 2184 Pecuniam
554 2130 578 2184 si
599 2130 739 2197 recipiam
759 2130 838 2184 furta
858 2129 969 2197 reliqua

189 2235 195 2252 ⁸
237 2265 244 2278 .
277 2227 495 2295 aequanimius
513 2226 691 2291 toleravere,
711 2227 798 2281 modo
817 2226 921 2294 laqueo

278 2324 384 2379 Videre
404 2325 524 2379 necatos
543 2324 637 2379 facere
656 2324 759 2392 longas
779 2324 903 2379 litteras.

315 2504 383 2558 1192
409 2503 601 2571 Meloclopum
622 2506 653 2558 ct
672 2504 907 2572 Argyroclopum
931 2505 999 2559 1212
1018 2505 1080 2572 agit
1101 2505 1169 2558 1312
1188 2506 1247 2568 ἅλις
1267 2507 1351 2579 λόγων
1373 2506 1440 2560 1362

276 2606 398 2660 iamiam
419 2607 467 2660 sat
485 2607 533 2659 est
550 2607 713 2672 gratatum.
