3270 5310
862 428 926 492 126

311 619 506 684 Audiamus
530 619 672 700 Aeglam
696 620 879 700 Iosephum
902 620 1114 687 allicientem.
1162 623 1227 689 Ios.
1253 625 1336 689 533:

481 755 520 809 Te
541 754 658 822 praeter
677 753 776 807 omnis
795 751 895 808 dulcor
913 754 971 808 iste
990 769 1109 809 amaror
1126 757 1188 824 ost,

482 851 592 906 Mellite
610 850 727 918 Ioseph.
752 850 795 905 Tu
815 865 895 905 unus
912 866 945 904 es
963 853 1038 906 mihi
1058 851 1174 907 affatim

481 947 587 1003 Solatii
606 947 828 1015 dulcedinisque
847 948 981 1003 satietas.

481 1045 533 1100 Ele
552 1059 636 1114 ergo,
658 1044 819 1100 meloulum
839 1059 955 1114 mcum,
975 1045 1072 1101 fruere
1092 1046 1168 1100 mels

481 1142 706 1210 complexibus,
724 1156 793 1197 curn
813 1140 1010 1210 uberibusque
1029 1144 1118 1211 atque
1138 1144 1289 1199 amoribus

481 1239 597 1294 Mecum
617 1239 671 1302 tibi
691 1238 792 1293 omnia
811 1252 877 1292 mea
895 1239 960 1293 sint
978 1241 1158 1295 communia.

303 1355 359 1409 Ios.
378 1353 439 1408 637.
479 1354 567 1427 Nunc
583 1367 652 1422 age,
672 1353 714 1408 mi
734 1353 857 1422 Ioseph,
877 1353 1000 1409 unicum
1019 1354 1161 1409 solatium

482 1452 604 1518 Meaque
623 1449 762 1517 voluptas
781 1451 876 1506 unica.

311 1565 388 1631 Non
411 1565 485 1629 sine
508 1566 661 1631 irrisione
685 1565 767 1631 Hec.
792 1565 834 1629 ad
860 1583 1020 1647 uxorem,
1045 1566 1128 1631 Hec.
1157 1568 1233 1634 132:

534 1698 579 1752 Ut
598 1697 737 1757 delicata.
757 1699 792 1752 ut
811 1699 913 1753 tenera
932 1698 1010 1753 lecta
1029 1712 1074 1762 oe,
1096 1713 1163 1754 mee
1181 1714 1257 1755 rosa.

312 1812 398 1876 Item
416 1813 466 1894 de
491 1829 598 1876 uxore
622 1813 830 1893 Laemargus
854 1815 936 1877 875:

524 1945 634 1999 Rosam
656 1959 754 1999 meam
773 1945 856 2000 vides
876 1947 1059 2011 morantem,
1078 1945 1266 2002 Daemones?

313 2061 433 2125 Mirum
467 2060 706 2125 blanditiarum
738 2061 933 2141 exemplum
964 2063 1019 2125 est
1049 2061 1160 2128 barba.
1192 2061 1256 2127 los.
1293 2063 1378 2127 1776
1409 2062 1518 2142 Aegia

265 2176 310 2241 ad
335 2177 496 2241 maritum
520 2176 662 2241 iratum:

534 2309 573 2364 Te
594 2323 645 2377 per
664 2310 749 2363 tuam
769 2308 873 2377 fidem,
892 2309 987 2363 amica
1006 2309 1109 2378 barba,
1131 2310 1284 2378 deprecor.

535 2406 607 2460 Mihi
628 2419 721 2474 parce.

313 2521 362 2585 Ex
395 2521 450 2585 his
475 2521 646 2586 blanditiis
669 2520 813 2600 multas,
839 2523 878 2585 ut
900 2521 1088 2595 animales,
1114 2521 1296 2602 corculum,
1322 2521 1517 2600 meleretum,

263 2638 400 2718 ocellus,
429 2639 604 2719 marture,
628 2639 711 2718 cilo,
735 2637 886 2717 voluptas
908 2636 973 2701 alia
995 2638 1064 2702 iarn
1088 2637 1178 2718 apud
1194 2637 1355 2702 Plautum
1370 2638 1517 2702 inveniri

268 2769 335 2818 nou
360 2754 528 2832 estquod
553 2769 720 2817 moneam.

786 2947 992 2954 ————--

732 3074 940 3140 CAPUT
976 3075 1055 3140 XII.

505 3269 730 3371 Convicia,
758 3271 1108 3373 exsecrationeS,
1136 3273 1288 3350 minae.

313 3452 446 3516 Bonum
478 3452 662 3532 cornicum,
695 3455 735 3515 ut
766 3454 955 3517 amatorem
988 3452 1149 3518 blandum
1180 3456 1216 3518 et
1239 3457 1444 3538 venustum,
1468 3456 1517 3519 ita

263 3570 447 3633 strenuum
479 3569 515 3631 et
538 3583 650 3631 acrem
675 3568 938 3632 convicatiorem
962 3585 1038 3632 esse
1062 3571 1207 3649 oportet.
1251 3568 1321 3634 Nec
1345 3569 1519 3652 Macrope·

268 3683 360 3747 diurn
383 3682 418 3745 in
442 3682 505 3746 hoc
529 3699 652 3762 genere
672 3683 781 3760 vires
799 3684 922 3764 verba,
939 3683 1091 3748 varietas
1108 3684 1287 3765 deficiunt,
1303 3687 1344 3749 ut
1359 3686 1518 3767 exempla

266 3815 354 3878 quae
378 3816 459 3864 mox
485 3799 617 3864 allaturi
642 3816 762 3864 sumus
786 3800 872 3864 satis
895 3817 1064 3881 superque
1088 3800 1383 3865 demonstrabunt.

313 3917 363 3979 Ac
395 3932 575 3979 servorum
607 3916 759 3980 convicia
789 3933 891 3996 snpra
923 3916 991 3980 iarn
1023 3917 1268 3998 tractavimuS‚
1308 3917 1399 3981 inter
1429 3935 1518 3998 quae

267 4032 384 4094 tamen
411 4030 572 4095 nonnulla
595 4034 678 4095 sunt
701 4032 823 4110 quibus
847 4035 883 4095 et
905 4032 999 4095 liberi
1022 4032 1176 4097 homiues
1191 4033 1282 4097 iuter
1297 4049 1335 4096 se
1351 4035 1518 4114 utuntur,

267 4145 364 4209 velut
377 4145 524 4224 furcifer
540 4146 623 4210 Reb.
642 4149 707 4210 279
723 4148 780 4211 ubi
796 4148 862 4212 duo
879 4149 972 4229 pueri
991 4147 1148 4212 rixantur
1160 4151 1299 4229 propter
1310 4148 1518 4214 nummulos

316 4278 403 4333 Drso.
424 4278 565 4348 Scelesta,
584 4278 716 4343 furcifer,
737 4294 838 4334 meum
859 4294 919 4334 non
938 4281 1096 4335 redderes?
1115 4279 1163 4335 Sic
1181 4280 1302 4349 discito,

427 4377 474 4431 Sic
492 4377 613 4439 discito,
633 4378 674 4431 sic
694 4377 814 4441 discito,
833 4379 875 4433 sic
893 4378 1014 4446 discito,
1034 4378 1075 4432 sic
1095 4377 1201 4433 discito

429 4474 484 4527 Per
504 4473 606 4527 dolum
626 4474 721 4528 aliena
740 4489 850 4543 rapere.
869 4475 953 4530 Cnoe.
973 4476 1029 4544 Do,
1049 4475 1170 4530 remitte
1191 4476 1252 4529 mel
1272 4474 1360 4530 Drso.

1032 4572 1107 4627 Cedo
1127 4572 1247 4627 statim!

317 4666 406 4723 croc.
426 4668 603 4732 Meretricis,
623 4668 778 4733 scelerate,
799 4670 922 4739 perfide,
940 4670 1038 4739 accipe
1057 4671 1142 4726 tuam
1161 4684 1225 4725 rem
1244 4671 1334 4738 atque
1353 4669 1418 4725 abii
