3270 5310
846 389 911 454 230

254 590 291 650 et
322 584 494 649 convulsis
524 583 799 647 adversariorum
828 582 1121 647 criminationibus
1153 583 1328 648 insontem
1359 602 1506 666 pronun·

253 700 358 764 ciabis
397 703 433 764 et
467 699 541 764 sola
575 699 725 764 veritate
761 698 881 763 nixum
916 698 1035 779 eriges.
1095 699 1196 764 Certe
1231 700 1362 765 veritas
1396 703 1507 781 premi

253 815 389 896 quidem
420 818 551 895 potest,
584 814 724 895 opprimi
756 818 873 879 autem
905 832 973 879 uon
1003 817 1128 895 potest.
1177 815 1280 896 Vale,
1304 822 1507 897 praeceptor

253 931 466 1012 venerande,
490 934 526 995 et
550 947 594 996 ex
619 934 678 995 tuo
698 929 906 1011 pendentem
921 947 1005 994 sano
1021 930 1143 995 iudicio
1159 930 1364 1013 discipulum
1381 933 1504 1014 recipe.

254 1046 370 1126 Siquid
405 1049 523 1110 autem
557 1046 712 1111 acerbius
746 1046 1074 1112 inconsideratiusve
1109 1063 1170 1127 pro
1201 1047 1400 1112 innocentia
1428 1065 1505 1113 mea

253 1161 382 1227 tuenda
424 1161 535 1226 calore
576 1161 717 1227 iuvenili
760 1161 926 1226 incitatus
969 1161 1122 1244 effutivi,
1165 1163 1315 1228 clemens
1354 1164 1504 1245 ignosce.

254 1279 382 1343 lterum
408 1277 501 1342 vale!

298 1509 396 1574 Hanc
428 1526 561 1589 quoque
589 1508 768 1589 epistolam
793 1509 926 1589 generis
948 1508 1121 1574 ludicialis
1143 1510 1180 1574 in
1203 1512 1299 1575 statu
1322 1511 1507 1576 iuridiciali

254 1625 421 1690 Absolute
455 1623 666 1711 (quanquam
702 1623 830 1704 puerile
865 1623 910 1687 sit
944 1623 1201 1710 argumentum)
1231 1625 1307 1689 ideo
1338 1626 1507 1706 prolixius

254 1740 411 1816 extendi,
446 1741 534 1819 quod
566 1756 639 1803 rem
663 1738 874 1820 epistolicam
898 1756 919 1803 a
942 1739 1107 1820 principio
1131 1739 1202 1804 dixi
1227 1757 1281 1805 me
1305 1742 1507 1807 sanatione

254 1859 484 1920 tractaturum
507 1859 547 1920 ut
562 1855 685 1920 iisdem
701 1855 806 1920 etiarn
823 1855 1014 1936 praeceptis
1029 1855 1218 1936 iisdemque
1234 1856 1315 1920 locis
1331 1856 1367 1920 in
1384 1859 1507 1922 oratio-

253 1972 354 2037 nibus
380 1988 442 2037 seu
467 1970 771 2036 declamationibus
794 1970 973 2035 rhetoricis
996 1987 1080 2052 puer
1104 1970 1155 2036 uti
1178 1971 1303 2050 possit,
1328 1976 1391 2036 aut
1414 1972 1508 2038 locos

253 2088 390 2152 eosdem
425 2087 514 2168 apud
550 2087 634 2151 alios
669 2088 703 2151 in
739 2086 794 2150 filo
829 2103 890 2151 seu
925 2089 1091 2151 contextu
1123 2087 1288 2151 orationis
1318 2091 1508 2168 usurpatos

254 2203 453 2283 observare,
479 2202 600 2282 quibus
624 2219 678 2266 ine
702 2202 896 2282 planissime
917 2205 953 2266 et
969 2218 1084 2266 crassa
1100 2202 1203 2285 (quod
1219 2203 1332 2288 aiunt)
1348 2202 1507 2270 Minerva

253 2319 287 2380 in
323 2317 477 2397 epistolis
512 2334 612 2381 usum
648 2317 782 2382 viderit.
830 2316 923 2381 Solet
957 2317 1049 2381 enim
1084 2317 1272 2398 plemnque
1303 2318 1336 2382 id
1367 2318 1508 2398 planius

253 2432 424 2511 exhiberi,
457 2433 609 2512 adeoque
641 2432 772 2497 facilius
804 2432 1011 2496 considerari
1042 2435 1079 2496 et
1102 2431 1261 2514 intelligi,
1286 2433 1375 2513 quod
1400 2434 1509 2499 latius

253 2548 445 2628 explicatur
469 2565 572 2628 quani
595 2549 684 2628 quod
700 2548 829 2613 arctius
845 2548 908 2612 sub
924 2548 1096 2613 brevitate
1113 2548 1335 2614 contrahitur.
1368 2549 1507 2614 Admisi

254 2667 432 2743 praeterea
465 2680 533 2728 non
566 2665 665 2728 modo
696 2663 732 2728 in
761 2663 842 2744 hac,
867 2681 987 2729 verum
1011 2664 1117 2729 etiam
1140 2664 1176 2727 in
1199 2663 1276 2728 aliis
1298 2665 1507 2745 quibusdam

253 2777 497 2858 paradigmatis
528 2778 601 2843 sive
633 2779 816 2860 exemplis,
845 2781 1038 2861 schemata,
1063 2783 1197 2861 tropos,
1222 2782 1507 2862 exaggerationes

253 2895 290 2957 et
327 2893 609 2975 amplificationes
642 2894 848 2976 rhetoricas,
884 2899 925 2960 ut
959 2912 1014 2960 res
1049 2896 1227 2976 epistolica
1261 2896 1304 2961 ad
1340 2898 1506 2961 orationis

252 3007 434 3071 artificium
474 3007 627 3088 proxime
665 3009 860 3091 accederet,
900 3014 936 3075 et
969 3028 1054 3092 puer
1089 3011 1278 3077 industrius
1312 3013 1424 3077 discat
1459 3029 1505 3077 ex

253 3124 367 3202 parvis
391 3122 534 3187 subinde
558 3124 738 3204 grandiora
762 3128 905 3190 tentare.
