3270 5310
781 440 844 505 133

222 632 316 688 Andr.
339 631 400 687 639.
437 631 497 687 Pro
521 632 628 686 brocha
654 632 817 687 certandum
835 633 894 688 erit
914 633 991 688 1068.
1017 632 1077 688 Pro
1095 634 1237 703 sablipori
1256 635 1356 689 cuium
1376 635 1433 689 erit

186 729 361 784 certandum
380 729 439 784 erit
459 729 527 786 1007
546 729 606 784 Pro
625 729 824 796 foeminalibus
839 731 904 785 esto
918 730 1063 797 proelium
1075 731 1128 786 622
1137 733 1202 801 post
1214 733 1269 785 rete
1278 731 1433 802 placaberie

184 825 237 880 651
266 825 304 880 Ie
331 826 390 880 olla
418 828 465 893 (ut
492 827 646 895 inquiunt)
675 827 760 880 conis.
791 827 872 882 Bass.
902 827 954 881 762
982 827 1059 880 carris
1080 827 1111 881 in
1129 827 1217 882 ollam
1235 829 1360 896 repserit
1379 829 1433 883 900

185 923 370 978 mancinum
388 924 497 993 repredi
516 924 595 992 Hyp.
614 923 666 978 932
684 939 761 978 mors
779 924 809 978 in
828 925 893 978 olla.

230 1046 389 1128 Suspicor
413 1047 497 1112 haec
521 1064 655 1127 quoque
679 1049 809 1129 patriae
833 1048 967 1129 linguae
991 1049 1123 1114 deberi:

221 1189 305 1243 Asot
328 1189 380 1244 746
399 1189 531 1244 Tandem
550 1203 633 1243 sicum
652 1203 718 1244 meo
736 1202 822 1257 opere
842 1192 946 1258 terpent
961 1190 1088 1260 podicem
1107 1190 1184 1244 Petr.
1204 1190 1314 1245 390131
1332 1191 1431 1258 [elizam

184 1285 271 1340 coculi·
289 1285 414 1341 subinde
434 1286 565 1341 lebetibus
588 1284 707 1342 Carnem
725 1287 879 1342 exdohunt
897 1288 989 1342 Andr.
1009 1287 1070 1343 334.

449 1410 558 1465 Totum
578 1409 686 1474 larem,
705 1411 805 1465 totum
826 1394 936 1477 perium
956 1425 1057 1480 voras,
1078 1412 1161 1479 quasi

450 1507 478 1561 Ε
491 1506 606 1578 populis
625 1522 671 1562 aee
692 1508 823 1576 collipom
842 1509 1049 1576 sylvestribus.

271 1629 444 1684 11111111.
678 1631 758 1697 Quod
778 1631 911 1684 amna
929 1630 1032 1697 serious

484 1726 645 1782 Poriontur
664 1743 716 1781 ooo
736 1727 911 1782 facillimum
932 1741 1113 1794 persuasero.

283 1823 364 1877 Base.
384 1823 444 1878 586.
484 1824 676 1879 Proverbium
698 1825 784 1879 vetus
803 1827 862 1879 est:
886 1824 1173 1890 Tonanteossulmine

483 1920 638 1991 Nunquam
659 1921 780 1976 latrinae
799 1925 849 1976 oui
863 1921 998 1992 patibulo
1016 1924 1139 1975 evertere.

225 2043 409 2109 Praeterea
452 2045 724 2126 comparationes
767 2062 912 2124 quarum
954 2062 1099 2125 magnus
1139 2062 1302 2110 numerus
1337 2045 1425 2126 apud

181 2158 360 2224 Erasmum
390 2161 424 2223 in
456 2160 665 2241 Adagiorum
697 2159 949 2240 Prolegomenis
980 2160 1153 2224 invenitur
1183 2161 1271 2242 apud
1303 2160 1426 2225 Macro-

182 2274 316 2354 pedium
352 2276 469 2340 notavi
504 2275 583 2340 has:
621 2277 719 2339 Asot.
758 2277 823 2339 475
857 2277 1012 2356 ipuavior
1046 2276 1159 2339 cuculo
1192 2293 1229 2340 es
1257 2276 1335 2340 Lan.
1360 2277 1427 2340 629

184 2389 312 2455 Tireeio
341 2393 473 2457 caecior.
522 2391 617 2456 Base.
648 2392 720 2457 183.
768 2391 883 2456 Iridoo
906 2393 943 2454 io
967 2408 1092 2454 morem
1117 2394 1242 2455 onusta
1266 2391 1424 2456 flectitur.

179 2505 269 2588 Hyp.
294 2507 370 2572 902.
419 2507 477 2570 Iro
495 2510 687 2588 pauperior.
736 2508 801 2571 903
826 2505 1022 2585 Iosortauio
1045 2505 1236 2585 infoelicior.

636 2985 828 3050 CAPUT
864 2985 959 3050 XIV.

484 3181 547 3257 De
585 3180 732 3260 verbis
769 3179 1116 3277 frequentatrvrs.

223 3388 315 3453 lnter
338 3405 378 3452 ea
403 3388 584 3452 verborum
608 3405 733 3468 genera
756 3405 843 3467 quae
867 3405 911 3451 ex
936 3388 1028 3451 vit-ae
1052 3387 1240 3451 cotidianae
1264 3403 1421 3451 sermone

176 3503 349 3568 comoedia
383 3503 507 3584 petivit
538 3504 749 3568 numeranda
780 3507 863 3568 sunt
894 3504 999 3567 verba
1029 3501 1302 3582 frequentativa,
1334 3519 1420 3581 quae

176 3618 279 3682 etiarn
312 3618 401 3699 apud
426 3618 675 3699 Macropedium
699 3619 808 3683 multa
831 3618 1062 3682 inveniuntur.
1110 3618 1161 3681 Ex
1185 3618 1237 3680 liis
1260 3617 1420 3698 pleraque

176 3734 292 3815 popria
322 3734 577 3813 frequentativa
608 3734 662 3798 vel
694 3734 867 3798 intensiva
897 3733 1141 3814 significatione
1173 3733 1300 3797 amissa
1330 3732 1420 3796 idem

174 3849 367 3928 significant
409 3853 512 3929 atque
555 3850 661 3914 verba
704 3849 877 3930 primitiva
916 3866 937 3912 a
975 3849 1097 3928 quibus
1136 3848 1291 3912 derivate
1325 3851 1433 3928 sunt..

174 3965 300 4031 Notavi
323 3968 441 4030 autem
465 3964 553 4045 apud
578 3969 734 4029 nostrum
759 3965 1013 4043 frequentativa
1036 3964 1136 4027 haec:

116 4096 127 4117 ‘'
172 4109 267 4161 odore
279 4105 297 4139 ⁸
310 4107 330 4172 ¹)
350 4105 421 4160 Hoc.
442 4106 510 4160 1579
530 4106 603 4172 Quid
623 4107 705 4160 actas
726 4107 788 4174 hic,
807 4107 930 4160 cruenta
950 4105 1068 4159 bestia?

171 4203 289 4258 actitare
307 4234 342 4241 -
362 4204 408 4258 vis
426 4204 577 4257 intensiva
596 4205 719 4272 apparet
739 4205 795 4258 los.
815 4203 866 4256 211
887 4203 941 4256 Est
953 4202 1105 4257 actitanda
1118 4202 1192 4255 artis
1207 4214 1289 4255 meae
1303 4201 1417 4268 peritia.

242 4300 376 4370 Reliquis
400 4300 472 4355 locis
497 4301 574 4355 idem
601 4302 660 4355 fere
683 4303 838 4368 astatque
859 4315 947 4369 opere.
968 4302 1052 4355 Asot.
1071 4299 1124 4353 664
1143 4299 1239 4352 risam
1260 4297 1330 4365 quid
1348 4298 1416 4352 acti·
1477 4365 1486 4383 .

241 4400 287 4452 tet
311 4398 391 4453 domi
419 4398 487 4453 1682
514 4399 633 4466 perinde
659 4399 731 4452 mihi
759 4399 944 4452 actitandum
971 4411 1075 4450 conseo
1101 4397 1193 4449 Andr.
1219 4394 1253 4448 37
1273 4394 1342 4461 quid
1362 4394 1415 4447 tibi

210 4681 230 4739 Ι)
249 4678 400 4732 Asterisco
420 4678 521 4731 notari
541 4692 575 4732 ea
595 4679 697 4746 verba,
717 4693 792 4746 quae
811 4679 888 4744 apud
908 4682 1023 4731 veteres
1043 4690 1103 4729 uon
1122 4674 1249 4728 inveniri
1267 4672 1414 4727 ridentur.
