3270 5310
755 393 816 457 152

372 692 507 770 Actus
534 693 713 790 primus,
788 690 954 772 Scaena
981 696 1185 774 secunda.

341 1083 511 1148 (inpuros.
573 1083 797 1148 Dronscnnus.
856 1083 1028 1150 Dracnunr
1060 1089 1216 1165 quatuor.

283 1276 475 1343 Mortalium
498 1276 689 1342 iocunditas
713 1293 816 1357 quam
840 1278 991 1359 turbida,

162 1393 234 1458 115.
283 1392 392 1472 Quam
416 1408 506 1455 vana
529 1409 699 1473 quamque
723 1409 841 1458 amara
863 1394 928 1476 sit,
952 1395 1155 1475 praesertim
1179 1396 1238 1478 iia,

284 1508 346 1588 Qui
369 1509 548 1590 coniugem
572 1509 723 1574 n'xosam
745 1509 875 1574 hahent
898 1514 934 1575 et
957 1510 1099 1592 liberae,

283 1624 448 1705 Experior
470 1625 504 1689 in
528 1642 583 1689 me
607 1626 766 1690 maxime.
815 1625 881 1690 Sed
905 1643 1022 1690 eccum
1048 1627 1161 1708 adest,

284 1736 391 1819 Quem
414 1741 595 1805 convenire
618 1741 747 1820 gestio,
771 1740 989 1823 DidascaluS,

283 1855 440 1936 Stipatus
462 1855 684 1921 auditorihua
732 1856 806 1921 Dm.
833 1856 894 1922 Uti
918 1858 1088 1939 dixeram,

227 2021 234 2036 .
281 1971 451 2036 Alacriter
474 1971 518 2056 (ai
542 1969 766 2056 occurrerint)
789 1973 988 2053 prehendite

281 2086 535 2167 NequissimoS,
560 2103 602 2150 ne
627 2087 822 2151 terreamini
845 2088 976 2168 impetu

281 2202 449 2282 Minisque
474 2219 610 2283 eorum,
634 2219 722 2266 neve
747 2205 844 2283 terga
867 2205 1003 2270 vertite.

282 2318 372 2384 Drso.
398 2318 499 2382 Haud
524 2335 694 2398 quaquam
719 2318 811 2383 enim
834 2323 1052 2400 praeceptor,
1078 2319 1168 2384 haud
1193 2336 1374 2401 quaquam.

1042 2434 1115 2500 Dm.
1142 2432 1223 2513 Quis
1246 2435 1318 2515 hic,

285 2550 349 2630 Qui
372 2551 504 2616 concito
528 2550 626 2615 nohis
649 2550 756 2629 gradu
780 2549 820 2614 fit
843 2550 990 2615 obvius?

231 2720 237 2733 .
285 2666 375 2731 Drso.
402 2665 550 2730 Galenus
574 2667 645 2745 est,
670 2668 768 2745 pater
792 2664 952 2746 Petrisei;
977 2668 1013 2730 te
1036 2665 1132 2747 petit.

287 2781 370 2846 Gan.
396 2780 497 2846 Salve
522 2781 686 2862 magister
709 2781 851 2845 erudite.
899 2781 972 2847 Dm.
997 2781 1186 2846 Identidem

285 2897 402 2979 Salve,
427 2896 563 2961 Galene.
602 2896 686 2961 Gan.
712 2895 784 2975 Quo
807 2897 898 2961 huno
921 2913 1057 2977 gregem
1081 2898 1183 2961 extra
1197 2900 1297 2978 septa
1313 2897 1407 2976 agia?

285 3014 358 3078 Dm.
384 3013 475 3077 Belle
499 3012 633 3093 quidem
659 3016 716 3094 tu,
741 3016 781 3077 ut
803 3013 935 3093 lepidus
958 3016 995 3078 et
1017 3013 1151 3078 facetus
1174 3029 1221 3078 es.

285 3128 351 3194 Sed
376 3128 473 3210 quid,
499 3127 642 3208 Galene,
667 3128 801 3193 ovicula
824 3130 885 3193 tua
908 3128 1112 3193 creberrime

231 3298 237 3309 .
284 3245 339 3309 Ab
363 3244 508 3309 ovilibus
532 3260 570 3307 se
593 3243 790 3308 subtrahit?
838 3243 920 3308 Gan.
947 3242 1059 3323 Quid?
1082 3244 1280 3309 subtrahit?

284 3359 358 3425 Dm.
384 3358 557 3424 Subduoit.
595 3358 678 3423 Gan.
703 3359 820 3437 Atque
836 3359 868 3422 id
886 3358 1063 3423 crebrius?
1088 3358 1162 3425 Dm.
1180 3357 1406 3438 creberrime,

284 3474 471 3554 Fuituaque
495 3490 630 3555 semper
654 3475 850 3538 testimonio
874 3478 933 3538 tuo

283 3590 327 3654 Et
349 3590 554 3672 syngrapho.
590 3589 673 3656 Gan.
700 3589 772 3669 Quo
797 3590 1019 3672 syngrapho?
1054 3589 1129 3656 Dm.
1154 3590 1227 3656 Tuo
1249 3590 1406 3670 equidem

283 3705 522 3787 chirographo.
557 3705 640 3771 Gan.
664 3705 701 3769 Id
726 3708 781 3769 est
804 3705 1056 3786 autographon,
1081 3721 1150 3770 non
1173 3705 1407 3787 syngraphum

230 3873 236 3885 .
283 3820 415 3903 Meum,
439 3837 551 3902 neque
574 3821 664 3885 intra
687 3837 842 3886 mensam
866 3825 903 3885 et
926 3838 1033 3886 unum
1057 3824 1118 3886 aut
1141 3821 1287 3887 alterum

282 3936 550 4018 chirographum
574 3936 659 4001 dedi.
707 3935 783 4001 Soio
807 3937 963 4017 equidem
988 3937 1067 4017 quid
1092 3936 1157 4002 doli

282 4052 321 4116 In
345 4052 539 4134 syngrapho
562 4051 664 4132 latet,
688 4053 796 4133 patris
820 4053 901 4117 dum
925 4052 1141 4134 syngraphus

283 4166 526 4248 Autographus
550 4167 590 4230 fit
612 4167 688 4233 fllio.
736 4168 810 4232 Dm.
836 4167 977 4233 Utinam
1001 4173 1038 4232 et
1061 4169 1217 4233 omnihus

283 4283 377 4347 Istue
400 4283 599 4363 parentibus
622 4283 727 4348 semel
751 4284 968 4365 persuadeaa.

163 4398 235 4463 140.
282 4397 390 4478 Eapte
414 4400 496 4461 aunt
519 4397 672 4478 proiecto
695 4400 790 4478 pueri
813 4399 997 4478 industria,

282 4513 332 4578 Ut
355 4512 483 4593 scripta
505 4514 641 4593 seriptis
665 4513 844 4594 affigurent
866 4513 1038 4595 proxime,

282 4627 388 4693 Nobis
411 4645 545 4710 quoque
568 4629 727 4708 illudant,
752 4630 884 4710 sibique
908 4630 1067 4694 maxime.

16 4840 134 4992 k
