3270 5310
858 399 913 481 eo

496 590 539 647 73.
578 591 688 658 Atqui
709 590 878 646 christicola
896 605 985 646 verus
1005 591 1133 646 beberier

576 687 676 755 optas.

479 786 538 841 129.
576 786 702 840 Pascent
722 786 752 840 te
771 787 889 840 miseris
909 786 959 853 qui
977 786 1133 840 misererier

575 884 716 952 Propensi
735 883 856 938 fuerint.

644 1232 676 1300 7.
727 1230 783 1299 De
808 1230 950 1302 Futuro
974 1231 1127 1302 Exacto.

309 1424 599 1491 Consuetudinem
631 1428 789 1489 veterum
821 1424 1028 1489 comicorum
1056 1425 1090 1489 in
1114 1425 1177 1489 hoc
1202 1441 1335 1505 quoque
1359 1427 1515 1505 sequitur

264 1540 497 1622 Maeropedius
533 1540 622 1619 quod
658 1539 814 1604 futurum
849 1543 1013 1605 exactum
1043 1557 1145 1621 saepe
1177 1540 1225 1605 sic
1257 1540 1396 1605 adhibet
1426 1544 1513 1605 uta

262 1657 379 1722 futuro
402 1655 544 1738 simplici
569 1659 630 1720 aut
652 1654 792 1736 paulum
816 1658 877 1720 aut
900 1656 981 1719 nihil
1007 1655 1142 1721 differre
1166 1655 1333 1721 videatur.
1377 1655 1443 1720 Sed
1460 1656 1513 1720 hic

261 1789 395 1853 quoque
427 1772 611 1852 magistros
638 1788 720 1836 suos
743 1770 841 1851 lenge
867 1774 1008 1853 superat
1031 1789 1191 1855 numero,
1217 1789 1297 1837 nam
1320 1771 1514 1836 huiusmodi

262 1888 370 1953 iutun'
393 1887 508 1952 exacti
532 1886 660 1951 termas
683 1887 800 1951 notavi
824 1887 895 1951 tere
919 1887 1186 1969 quadringentas
1204 1887 1240 1974 ¹).
1276 1887 1409 1952 Harum
1429 1890 1514 1952 sunt

263 2005 390 2086 primae
422 2019 588 2084 personae
616 2002 796 2081 singularis
821 2004 886 2067 275
910 2004 998 2084 tere,
1022 2003 1193 2068 secundae
1218 2004 1278 2084 29,
1302 2003 1425 2067 tertiae
1451 2005 1512 2083 66,

262 2121 385 2185 tertiae
409 2119 547 2200 pluralis
572 2119 633 2200 27,
657 2118 786 2199 primae
807 2118 944 2199 pluralis
962 2121 1108 2198 quatuor
1124 2117 1170 2206 ²),
1187 2118 1358 2183 secundae
1374 2118 1513 2199 pluralis

263 2254 331 2302 non
355 2237 585 2301 inveniuntur.
634 2235 820 2313 Pleraeque
844 2234 973 2299 formae
992 2233 1089 2321 (250)
1105 2234 1260 2299 ultimam
1278 2250 1401 2300 versus
1417 2251 1511 2326 occu·

263 2355 348 2435 pant
370 2352 505 2434 sedem,
535 2353 599 2416 150
622 2351 694 2416 fere
717 2351 751 2414 in
776 2350 850 2415 aliis
872 2349 1014 2431 pedibus
1038 2350 1222 2415 collocatae
1245 2353 1337 2416 sunt.

307 2467 597 2533 Consuetudinem
626 2469 784 2530 veterum
808 2466 1013 2530 comicorum
1036 2466 1070 2530 in
1096 2465 1158 2532 fut.
1184 2469 1296 2532 exact.
1321 2466 1512 2531 adhibendo

261 2582 448 2665 explicavit
482 2581 673 2660 Madvigius
709 2581 830 2662 Opusc.
868 2582 974 2646 Aead.
1010 2581 1042 2644 ll
1076 2598 1152 2662 pag.
1188 2583 1331 2648 81-97.
1384 2581 1512 2646 Omnes

260 2701 378 2763 autem
406 2714 492 2762 usus
516 2702 553 2761 et
576 2696 830 2778 significationis
854 2697 1042 2762 varietates
1066 2714 1152 2777 quas
1175 2698 1265 2779 apud
1289 2697 1451 2762 Plautum
1475 2700 1512 2761 et

259 2812 458 2878 Terentium
489 2813 623 2877 detexit
654 2812 705 2877 vir
738 2811 946 2877 clarissimus
977 2812 1067 2894 apud
1098 2812 1349 2895 Macrepedium
1377 2829 1511 2892 quoque

257 2928 397 2993 indicari
421 2931 577 3010 possunt.
628 2927 722 3008 Quod
748 2927 913 3009 exemplis
937 2928 1258 2994 demonstrabimus.
1295 2927 1371 2994 Fut.
1396 2932 1509 2993 exact.

257 3043 360 3125 igitur
383 3043 474 3125 apud
499 3042 542 3110 M.
567 3060 671 3125 saepe
698 3045 713 3107 1
744 3048 929 3128 „eventum
953 3042 1150 3108 fructumve
1174 3044 1221 3108 rei
1245 3043 1441 3125 praedicit''.

308 3201 333 3242 e.
351 3199 396 3254 gr.
416 3185 464 3241 Al.
486 3185 544 3241 177.
583 3185 699 3241 Periere
717 3184 811 3250 fame,
831 3187 862 3241 ni
883 3186 984 3241 redeat
1002 3186 1121 3253 emptor
1139 3184 1229 3250 illiee,

363 3283 456 3338 Andr.
479 3282 541 3338 377.
579 3283 644 3338 Nisi
664 3297 740 3338 uxor
758 3283 898 3338 extruxit
917 3297 1023 3351 pyram
1043 3282 1172 3350 deserere.

394 3381 459 3435 Laz.
479 3379 532 3435 812
1042 3379 1119 3435 Nam
1137 3380 1162 3434 si
1183 3379 1258 3435 mihi

577 3476 706 3543 Defuerit
725 3477 845 3533 hoodie
864 3476 1012 3546 edulium,
1032 3491 1092 3532 non
1111 3477 1205 3532 uixere

579 3572 680 3643 Usque
698 3576 729 3630 in
749 3575 924 3630 crastinum.

381 3672 465 3727 Asot.
485 3671 547 3728 669.
585 3671 768 3740 Quapropter
788 3673 865 3728 hane
885 3672 1037 3761 licentiam

581 3768 705 3837 Oportet
724 3784 789 3826 0000
809 3771 981 3835 coercitam,

586 3866 705 3934 Alioqui
724 3866 854 3934 ephebos
873 3867 1032 3922 criminum

586 3963 718 4019 Tandem
737 3965 769 4017 in
789 3964 964 4019 barathrum
982 3963 1117 4019 merserit.

380 4061 464 4115 Aset.
486 4061 546 4117 166.
584 4060 695 4116 Tamen
715 4062 854 4116 omnibus
873 4075 934 4116 non
953 4063 989 4117 ut
1008 4061 1098 4116 velim
1119 4062 1275 4118 eeudumre

582 4176 614 4208 =
633 4158 788 4226 apparebit
808 4172 855 4213 me
874 4159 1061 4214 conduxisse.

291 4350 313 4417 ¹)
341 4350 378 4405 In
406 4350 453 4405 his
483 4364 542 4405 non
571 4353 727 4406 numerari
755 4353 1509 4422 000,00000101011001.10111.101011100011111,

254 4447 331 4515 quod
349 4448 428 4514 apud
447 4448 485 4501 11.
504 4462 565 4503 11011
585 4463 702 4516 semper
721 4448 805 4505 facile
823 4450 1010 4506 diiudicatur.

290 4548 312 4608 ²)
331 4543 401 4599 Reb.
422 4544 474 4600 156
491 4544 601 4613 alioqui
622 4545 820 4601 abstulerimus
840 4547 960 4615 liberos;
980 4547 1034 4602 447
1053 4548 1206 4603 severimus
1225 4548 1345 4615 amodo;
1365 4547 1423 4603 Ios.
1438 4550 1509 4605 1222

252 4640 296 4697 010
313 4640 460 4709 fecerimus
480 4642 636 4698 honestius
642 4659 651 4711 3
671 4643 741 4699 Hec.
762 4644 832 4698 1225
850 4645 874 4698 01
895 4643 955 4699 1010
974 4646 1028 4700 tua
1046 4644 1249 4714 indique-imm
1268 4659 1364 4715 opera.
