3270 5310
736 392 798 456 109

443 581 487 637 En
506 583 593 650 plena
612 583 726 638 divitiis
745 585 860 640 domus.
881 585 1021 642 Triclinia

444 678 576 746 Superba
595 681 682 748 pictis
702 681 833 751 lectulis,
853 684 884 737 et
903 682 1036 738 cubicula

445 776 590 832 Eburneis
609 778 769 847 cubilibus;
790 783 842 834 tua
861 781 970 835 scrinia

442 872 563 929 Referta
581 875 688 943 bysso,
709 890 839 944 purpura
857 880 888 932 et
908 878 1070 933 holoserico

446 972 590 1028 Nostrum
610 974 767 1042 utriusque
786 974 894 1042 cultul;
914 974 1063 1041 laquearia

444 1068 482 1123 Et
500 1071 608 1125 cuncta
626 1069 743 1139 fulgent
761 1072 838 1126 atria
857 1072 1095 1138 peristromatis,

444 1165 604 1232 Tapetibus
623 1170 654 1222 et
673 1168 862 1223 emblematis
869 1185 877 1238 ;
897 1169 1059 1236 purissimo

443 1263 520 1319 Vino
538 1266 629 1333 atque
648 1264 725 1320 olivo
744 1266 911 1320 exuberant
932 1267 1089 1335 penuaria,

442 1360 601 1416 Cumulata
620 1362 698 1417 farre
717 1364 749 1417 ot
768 1364 867 1417 tritico
885 1365 1024 1430 granaria

444 1458 593 1527 Bonisque
613 1462 723 1515 onusta
742 1460 854 1528 reliqua
874 1463 1086 1528 promptuaria.

184 1582 316 1646 Asotus
343 1583 517 1647 148-152
542 1583 728 1649 Eumenius
752 1585 793 1649 de
818 1602 855 1648 se
878 1585 1052 1666 praedicat
1075 1586 1178 1649 haec:

352 1723 418 1777 Non
439 1725 600 1795 pyrirapis,
619 1725 784 1795 furacibus,
803 1726 991 1794 raptoribuS,

353 1820 420 1875 Non
440 1822 594 1892 turpibus,
613 1823 759 1878 salacibus
777 1823 824 1878 vel
845 1823 1000 1887 mollibus,

356 1917 422 1973 Non
441 1918 611 1974 mulierosis
629 1921 692 1975 sive
712 1919 878 1975 fornicariis

352 2015 420 2069 Non
439 2016 607 2086 sacrilegis,
626 2017 786 2086 fidifragis,
804 2018 989 2085 nugigerulis

353 2111 627 2178 calumniantibus,
646 2129 700 2170 nec
719 2115 748 2168 id
766 2129 861 2183 genus
880 2115 946 2169 aliis
967 2115 1010 2169 Me
1029 2116 1152 2170 asserui.

185 2235 283 2299 Asot.
312 2235 407 2301 1014.
445 2235 564 2301 Filium
589 2238 751 2303 admonet
775 2239 827 2303 his
852 2239 982 2302 verbis:

704 2354 747 2408 Ne
767 2354 889 2421 iungere

436 2450 629 2517 Potantibus,
648 2451 865 2514 scortantibus,
885 2450 1039 2505 voracibus

436 2547 659 2615 Rapacibusque
677 2549 708 2602 et
727 2549 756 2602 id
774 2562 870 2616 genus
889 2548 976 2601 nihili
996 2549 1075 2602 viris

187 2670 284 2735 Asot.
310 2671 475 2736 932-35.
509 2671 696 2737 Philaetius
719 2673 896 2753 prodigum
920 2672 1062 2736 fratrem
1085 2673 1133 2737 sic
1156 2673 1327 2753 increpat:

372 2786 446 2854 Quid
464 2787 556 2843 frater
575 2790 637 2856 est,
657 2790 733 2856 quod
753 2790 821 2854 post
841 2790 924 2842 tuam
946 2787 1151 2851 insolentiam,

372 2883 607 2954 Temulentiam,
627 2885 840 2953 petulantiam,
861 2884 1029 2948 lasciviam,

373 2982 444 3036 Post
461 2983 551 3037 ducta
570 2985 682 3052 scorta,
702 2984 770 3050 post
788 2984 896 3037 domus
914 2996 977 3037 rem
998 2982 1144 3050 perditam

373 3080 479 3135 Adhuc
499 3081 593 3147 patris
612 3084 642 3135 te
662 3080 815 3135 subtrahis
834 3080 1013 3147 conspectui.

186 3201 257 3267 Nec
279 3204 393 3268 minus
417 3205 540 3268 acriter
564 3204 717 3284 Georgos
741 3205 858 3269 uxoris
884 3204 967 3267 vitia
991 3203 1216 3284 reprehendit.

265 3320 357 3374 Andr.
379 3320 527 3376 lora-82.
637 3320 778 3375 Volebam
798 3321 917 3388 quidem
938 3333 999 3373 non
1017 3331 1153 3384 asperam

372 3417 478 3473 Tecum
498 3432 585 3485 agere
605 3419 715 3482 vitam,
735 3419 785 3472 sed
806 3419 987 3485 modestam,
1008 3416 1145 3479 liberam,

372 3516 493 3570 Laetam
512 3517 544 3570 et
562 3516 710 3583 quietam,
730 3517 755 3569 si
775 3515 876 3569 liceret
895 3529 946 3582 per
966 3516 1051 3568 tuam

372 3611 517 3666 Andrisco
536 3613 771 3676 contumaciam,
792 3612 971 3677 proterviam

373 3709 554 3776 Putremque
572 3710 822 3777 gastrimargiam.

185 3830 358 3898 Hecastus
381 3850 402 3897 a
425 3832 486 3898 Dei
509 3812 620 3913 legato
645 3838 827 3898 accusatur·
849 3835 884 3897 in
907 3834 997 3898 hunc
1022 3833 1177 3898 modum:

247 3946 318 4003 Hoc.
337 3947 397 4002 632.
561 3947 617 4003 Hic
636 3963 690 4003 suo
710 3949 852 4003 tribunali
873 3949 954 4003 iubet

374 4044 414 4100 Te
431 4046 588 4114 assistere,
607 4048 642 4099 ut
661 4046 751 4102 simul
771 4047 901 4113 exigaris
920 4047 1056 4101 omnium

372 4142 450 4209 Quae
469 4143 597 4210 gesseris
616 4144 762 4197 rationem
783 4146 813 4198 et
832 4145 948 4197 arctum
969 4143 1130 4211 calculum;

371 4238 412 4293 De
431 4239 612 4308 idololatria,
631 4239 825 4309 insedilitate,
844 4242 937 4307 deque
956 4240 1030 4294 falso

372 4336 440 4391 Iure
459 4337 598 4406 iurando,
618 4337 699 4400 dole,
719 4337 861 4404 periurio,

372 4434 480 4498 Fastu,
498 4433 582 4501 gula,
602 4434 691 4503 luxu,
711 4434 845 4503 libidine,
863 4435 979 4489 accedia

372 4530 479 4595 Furto,
500 4531 698 4600 philargyria,
717 4533 836 4599 rapina,
855 4533 1007 4601 caedibuS‚

373 4629 491 4697 livore,
511 4628 568 4683 bile
587 4631 618 4683 et
636 4629 666 4683 id
684 4643 781 4697 genus
799 4630 987 4685 facinoribus.
