3270 5310
863 402 928 466 226

270 596 460 674 admissae,
494 594 668 659 Petn'scus
700 592 890 673 Barbirius,
916 597 1010 659 certo
1035 595 1198 659 convenit
1220 596 1309 661 inter
1332 612 1396 661 nos
1421 600 1528 678 pacto

269 715 306 777 et
336 711 483 791 mulcta,
510 711 635 791 nequid
660 713 780 775 contra
803 710 896 790 leges
919 710 1142 776 scholasticos
1165 711 1198 775 in
1224 711 1347 776 itinere
1372 713 1528 777 commit-

269 831 431 892 teremus.
479 825 705 890 Pervenimus
746 823 788 888 ad
832 841 910 889 eum
953 841 1055 905 quem
1098 824 1349 892 destinavimus
1391 825 1526 910 locum,

268 943 412 1008 lusimus
443 943 534 1008 ultro
566 943 717 1020 citroque
750 942 945 1021 currentes,
974 942 1014 1004 ut
1036 942 1157 1004 aestus
1180 940 1261 1006 solis
1285 941 1528 1007 vehementior

269 1058 502 1141 permittebat.
550 1055 691 1121 Reversi
727 1071 848 1121 sumus
883 1055 1110 1137 tempestive,
1142 1056 1202 1120 sed
1234 1056 1420 1122 admodum
1451 1058 1527 1122 siti-

268 1174 382 1240 bundi.
434 1173 545 1254 Quum
580 1171 858 1253 pervenissemus
892 1173 1010 1235 autem
1041 1169 1122 1236 lassi
1153 1171 1197 1235 ad
1228 1172 1465 1248 deversorium
1489 1174 1525 1237 in

267 1289 390 1354 itinere
414 1288 602 1370 publicum,
627 1287 681 1352 cui
703 1285 940 1367 intersignium
960 1268 1019 1352 'est
1043 1285 1168 1369 Cespes
1191 1288 1350 1368 iunceus,
1375 1290 1412 1352 et
1435 1305 1525 1369 pene

266 1406 342 1471 sitis
358 1405 519 1470 ariditate
535 1403 767 1483 deficeremus,
784 1417 973 1482 cauponam
990 1402 1124 1467 nemine
1141 1403 1349 1468 reclamante
1363 1420 1524 1469 sermone

266 1522 310 1586 illi
343 1520 530 1586 vernaculo
553 1519 684 1600 primus
708 1517 851 1582 evocavi
875 1520 912 1582 et
935 1518 1119 1583 cantharos
1143 1518 1325 1584 cerevisiae
1349 1519 1436 1585 duos
1460 1523 1525 1585 aut

267 1640 339 1701 tres
378 1636 471 1701 foras
512 1634 554 1699 ad
594 1633 801 1699 vestibulum
840 1633 897 1697 ubi
936 1632 1197 1699 considebamus
1231 1633 1357 1698 adferri
1391 1636 1522 1702 curavi.

266 1753 372 1817 Allatl
403 1754 503 1833 sunt,
533 1749 695 1830 bibimus,
720 1749 832 1813 itineri
856 1765 918 1813 nos
942 1749 1053 1814 denuo
1077 1750 1305 1842 accinximus,
1329 1751 1403 1832 ipse
1426 1751 1523 1816 solus

267 1868 464 1950 petentibus
500 1865 645 1930 caeteris
676 1865 718 1928 ad
751 1864 885 1929 obolum
916 1881 977 1945 pro
1008 1865 1134 1930 hausta
1156 1865 1322 1930 cerevisia
1344 1883 1522 1947 cauponae

266 1985 448 2063 argentum
483 1982 578 2048 solvi.
626 1981 721 2046 Inter
751 1980 994 2045 ambulandum
1029 1981 1164 2062 requiro
1194 1982 1374 2062 pecuniam
1407 1999 1521 2047 meam

266 2115 309 2162 ex
345 2096 402 2178 iis,
440 2097 497 2176 qui
533 2099 652 2161 contra
688 2095 779 2177 leges
810 2097 1057 2176 peccaverunt,
1090 2099 1213 2176 sponte
1244 2097 1414 2163 dederunt
1444 2098 1520 2177 alli,

267 2230 357 2279 unus
391 2211 581 2294 Petriseus,
618 2211 674 2291 qui
709 2211 876 2275 sermonis
911 2211 1084 2276 vernaculi
1119 2211 1171 2276 bis
1209 2216 1350 2278 notatus
1385 2213 1518 2287 fuerat,

267 2329 368 2393 unius
403 2328 607 2407 quadrantis
642 2326 806 2391 mulctam
841 2327 973 2391 solvere
1009 2327 1191 2393 recusavit.
1241 2327 1327 2408 Quid
1351 2329 1521 2394 tandem?

266 2443 379 2523 Quum
414 2444 482 2507 iam
517 2459 673 2507 essemus
710 2443 828 2508 urbem
864 2442 1009 2522 proximi
1043 2441 1109 2529 (uti
1145 2443 1238 2508 inter
1271 2460 1334 2508 nos
1369 2444 1518 2524 primum

265 2557 491 2645 convenerat)
515 2559 664 2623 libellum
685 2558 894 2639 manualem,
916 2575 1017 2637 quern
1035 2558 1122 2623 forte
1138 2561 1391 2640 assumpserat,
1409 2560 1519 2624 invito

264 2675 374 2738 fateor
410 2675 555 2755 abstuli,
591 2691 658 2738 non
695 2673 774 2737 mihi
808 2672 945 2751 quidem
969 2674 1239 2756 vendicandum,
1263 2675 1323 2739 sed
1349 2675 1520 2756 tantisper

263 2789 543 2870 custodiendum,
581 2789 688 2853 donec
724 2789 875 2853 solveret
909 2789 998 2870 quod
1031 2790 1185 2856 debebat.
1233 2790 1319 2855 Ecce
1350 2807 1441 2867 rem,
1475 2809 1518 2855 en

262 2905 413 2987 lactum,
444 2907 583 2986 propter
607 2905 696 2984 quod
721 2907 857 2968 tantam
881 2904 961 2968 mihi
984 2905 1074 2984 apud
1097 2908 1132 2969 11
1156 2905 1365 2987 tragoediam
1389 2907 1518 2971 excita-

261 3023 351 3086 runt.
400 3021 450 3086 Tu
494 3020 573 3085 vide
620 3036 765 3101 quaeso,
807 3019 1002 3085 venerande
1042 3023 1258 3103 praeceptor,
1294 3038 1382 3086 anne
1418 3021 1517 3087 facile

261 3137 388 3219 possim
422 3155 475 3201 1111
509 3137 550 3202 de
583 3136 780 3201 criminibus
806 3136 946 3201 obiectis
971 3153 1037 3201 non
1062 3136 1162 3201 modo
1187 3154 1370 3218 excusare,
1395 3137 1456 3202 sed
1481 3141 1517 3202 et

261 3252 462 3334 defendere,
481 3270 549 3317 non
566 3252 665 3316 modo
683 3251 787 3316 venia
799 3251 950 3331 dignum,
963 3252 1023 3316 sed
1036 3255 1073 3317 11
1084 3253 1254 3317 insontem
1268 3253 1516 3318 demonstrare.

261 3368 297 3432 Si
335 3386 402 3433 non
440 3369 628 3433 secundum
663 3368 754 3432 locos
788 3371 823 3431 11
855 3367 1107 3447 efficacissima,
1140 3385 1227 3448 quae
1258 3385 1321 3433 nos
1351 3369 1516 3451 docuisti,

260 3485 440 3549 rhet-orum
475 3487 658 3564 praecepta
694 3501 748 3547 me
783 3500 852 3547 non
886 3483 1007 3548 iniuria
1042 3483 1104 3547 sed
1136 3484 1266 3566 optimo
1296 3485 1369 3549 iure
1393 3484 1516 3550 fecisse

260 3599 373 3664 omnia
409 3603 445 3664 et
482 3600 686 3679 praesertim
721 3598 770 3670 id,
809 3599 849 3663 de
886 3615 952 3679 quo
987 3599 1138 3663 maxima
1172 3602 1228 3664 est
1262 3600 1516 3679 controversia,

259 3716 358 3797 plane
385 3716 592 3796 probavero,
617 3732 677 3796 pro
701 3718 762 3779 tuo
786 3715 925 3779 arbitrio
949 3714 1067 3795 corrigi
1091 3730 1158 3779 non
1183 3715 1392 3780 detrectabo

305 3831 460 3897 Primum
477 3831 630 3895 omnium
646 3830 787 3894 laesisse
805 3846 859 3893 me
876 3829 993 3895 dicunt
1005 3833 1101 3895 tuam
1113 3830 1342 3911 maiestatem,
1354 3829 1516 3911 legesque

260 3951 338 4012 tuas
364 3947 585 4012 scholasticas
610 3950 739 4010 temere
763 3948 799 4009 et
823 3946 1047 4026 contemptim
1071 3945 1116 4033 (si
1141 3946 1206 4010 dici
1229 3944 1348 4029 liceat)
1371 3962 1517 4025 praeva-

258 4063 406 4127 ricatum
431 4079 527 4142 esse,
551 4065 587 4126 11
611 4062 674 4126 hoc
698 4078 766 4126 uno
790 4060 930 4125 crimine
950 4062 1084 4142 gemino
1100 4078 1155 4127 me
1171 4061 1294 4127 delicto
1311 4061 1516 4137 involvunt,

259 4195 382 4258 nempe
408 4178 610 4243 vernaculae
635 4177 846 4258 loquat-ionis
870 4182 906 4242 11
930 4179 1106 4259 ganoniae.
1149 4178 1184 4243 Si
1208 4180 1346 4242 tantum
1369 4179 1515 4241 notatus

258 4311 389 4373 essem,
429 4298 629 4374 praeceptor·
664 4295 808 4376 opillus,
842 4298 878 4357 et
905 4296 1068 4360 mulctam
1092 4294 1272 4359 scivissem
1295 4293 1434 4358 veniam
1460 4310 1516 4357 me

258 4425 359 4488 posse
392 4410 515 4474 mereri
540 4409 760 4481 confiderem.
786 4412 953 4488 natesque
977 4407 1091 4488 flagris
1115 4407 1321 4490 subducere,
1346 4422 1410 4470 nec
1433 4423 1516 4471 reus

258 4525 455 4590 maiestatis
498 4526 593 4607 argui
640 4542 786 4607 possem.
847 4524 946 4589 Nunc
989 4527 1124 4606 autem,
1167 4540 1245 4588 cum
1284 4538 1394 4603 neque
1435 4524 1516 4587 tuas

258 4645 498 4706 sacrosanctas
534 4642 624 4721 leges
660 4640 917 4721 praevaricatus
952 4640 1035 4719 sim,
1071 4656 1181 4720 neque
1212 4639 1395 4720 quicquam
1423 4637 1514 4718 quod
