3270 5310
862 384 905 448 64

306 575 400 641 Haec
424 593 445 640 a
467 575 679 657 Macropedio
703 579 874 640 canuntur
897 576 930 640 in
954 576 1045 640 hunc
1069 576 1224 641 modum:

402 744 558 809 Lazarus
581 744 648 809 829
669 762 737 824 sqq.

261 886 418 953 Quousque
436 885 495 940 eris
514 886 574 939 mei
593 885 753 940 immemor

261 983 418 1037 Miserrimi
436 983 557 1037 domiue
576 983 677 1037 Deus?

261 1080 418 1149 Quousque
435 1081 556 1136 vultum
575 1079 734 1136 amabilem

261 1181 287 1232 A
307 1192 355 1232 me
375 1179 508 1234 reflectes
526 1177 666 1233 obsecro?

260 1275 417 1344 Quousque
436 1275 516 1330 curis
534 1289 583 1330 cor
601 1288 703 1329 meum

260 1373 441 1427 vanissimis
460 1372 610 1441 afflixere,

260 1470 338 1536 Quae
356 1470 490 1524 animam
509 1483 607 1523 meam
628 1468 811 1524 maeroribus

260 1566 356 1620 Noctu
374 1566 483 1633 diuque
502 1565 677 1620 macerant?

260 1664 395 1731 Qousque
414 1663 520 1718 cristas
539 1663 656 1731 crigens

259 1758 364 1815 Hostia
383 1774 469 1815 meus
489 1774 536 1814 me
554 1760 723 1827 deprimet?

259 1857 384 1912 Domine
403 1858 490 1927 deus,
510 1871 558 1912 me
576 1857 702 1925 respice,
722 1858 756 1910 ut

260 1955 409 2009 Exaudias
427 1968 528 2024 preces
547 1968 637 2009 meas.

258 2051 364 2107 Oculos
383 2066 465 2106 meos
483 2051 620 2107 illumina

259 2151 295 2204 In
314 2152 411 2205 morte
430 2164 468 2205 ne
487 2164 619 2218 unquam
639 2149 839 2218 obdormiam,

258 2248 420 2316 Nequando
440 2247 640 2316 praevaluisse
658 2261 691 2301 se

257 2345 366 2399 Contra
387 2359 434 2400 me
452 2345 574 2413 iniquus
593 2345 718 2399 iactitet.

258 2441 287 2496 Si
308 2456 428 2496 movear
446 2441 651 2496 exultaverint

258 2538 312 2605 Qui
332 2553 379 2592 me
399 2540 541 2605 premunt
559 2537 663 2592 hostes
681 2537 755 2604 mei;

257 2635 378 2702 Speravi
397 2637 430 2690 at
448 2649 502 2703 ego
521 2649 610 2702 super
629 2637 691 2709 tua¹

258 2732 398 2802 Nitarque
417 2733 626 2788 misericordia.

258 2830 429 2885 Laetabitur
448 2844 564 2898 quoque
582 2843 631 2885 cor
651 2838 752 2884 meum

258 2927 318 2982 Tuo
337 2927 471 2983 salutari.
497 2926 608 2981 Ganam

257 3024 311 3091 Qui
331 3024 407 3079 bona
426 3024 501 3078 mibi
520 3023 627 3078 tribuit
646 3023 720 3091 Deo,
741 3027 772 3079 et

258 3121 415 3176 altissimo
433 3122 498 3176 eius
517 3121 641 3176 nomini.

1018 743 1179 825 Iosephus
1205 744 1291 809 1020
1314 761 1382 826 sqq.

946 884 1106 953 Usquequo
1125 885 1285 940 dominans
1304 885 1384 941 Deus

945 981 1010 1035 Eris
1030 995 1139 1049 quaeso
1158 983 1216 1036 mei
1236 983 1417 1038 immemor?

944 1079 1106 1147 Usquequo
1124 1094 1142 1134 a
1160 1078 1274 1134 famulo
1294 1081 1347 1136 tuo

945 1177 1072 1230 Avertes
1090 1174 1195 1231 faciem
1215 1177 1324 1232 tuam?

944 1272 1105 1340 Usquequo
1125 1273 1205 1328 Deus
1223 1274 1365 1328 atterent.

943 1368 1087 1423 curarum
1108 1370 1186 1426 mala
1204 1385 1253 1426 cor
1273 1385 1389 1440 meum,

944 1465 1022 1532 Quae
1042 1467 1224 1523 maeroribus
1243 1469 1275 1523 in
1292 1468 1357 1523 dies

944 1561 1024 1616 Haec
1043 1565 1211 1631 praecordia
1230 1566 1406 1620 macerant?

943 1660 1100 1728 Quousque
1120 1660 1217 1716 hostis
1236 1676 1322 1717 meus
1339 1663 1457 1731 erigens

942 1756 1051 1812 Contra
1071 1772 1119 1811 me
1137 1759 1227 1825 caput
1245 1758 1416 1826 opprimet?

942 1854 988 1907 Me
1007 1852 1086 1908 Deus
1105 1868 1191 1909 meus
1208 1855 1326 1922 adspice

943 1950 1116 2019 Exaudique
1135 1965 1236 2019 preces
1255 1967 1346 2007 meas.

943 2047 1066 2103 Illustra
1085 2063 1152 2104 mea
1170 2049 1302 2117 lumina,

941 2147 986 2201 Ne
1004 2146 1036 2201 in
1055 2148 1184 2201 mortem
1204 2161 1291 2215 sopor
1309 2148 1435 2209 incidat,

943 2244 980 2298 Et
1001 2245 1092 2299 iactet
1111 2244 1241 2300 valuisse
1260 2259 1291 2300 se

941 2341 1050 2396 Contra
1069 2356 1118 2396 me
1136 2341 1217 2396 furor
1236 2342 1379 2398 hosticus.

941 2438 972 2492 Si
992 2440 1093 2493 motus
1112 2438 1207 2500 fuero,
1227 2438 1365 2495 hostibus

942 2534 1095 2590 Patescam
1114 2536 1270 2605 opprobrio
1289 2537 1373 2591 meis.

941 2634 984 2687 At
1002 2647 1071 2687 cum
1090 2635 1125 2688 tu
1145 2635 1270 2688 miseros
1289 2634 1388 2697 iuves,

942 2730 977 2784 In
996 2732 1027 2784 te
1045 2744 1129 2798 spem
1149 2732 1233 2799 posui
1254 2746 1361 2788 meam.

939 2825 1085 2882 Gaudebit
1105 2842 1222 2896 quoque
1239 2842 1288 2884 cor
1308 2844 1424 2894 meum,

940 2924 1013 2979 Cum
1033 2924 1115 2980 salus
1133 2925 1209 2981 mihi
1228 2927 1344 2982 venerit
1351 2943 1359 2996 ;

941 3022 1016 3077 Tum
1036 3023 1161 3078 cantabo
1179 3021 1255 3090 Deo,
1274 3025 1342 3080 boni

940 3119 1013 3176 Cum
1033 3121 1156 3177 tantum
1176 3122 1252 3177 mihi
1271 3123 1381 3178 fecerit.

301 3307 372 3372 Nec
406 3307 516 3372 solum
550 3306 700 3387 psalmos
734 3305 968 3386 Macropedius
1004 3307 1143 3371 metrice
1166 3307 1290 3391 vertit3
1315 3307 1349 3370 in
1372 3307 1502 3374 Lazaro

256 3423 360 3488 etiam
383 3422 545 3488 nonnulla
567 3440 611 3487 ex
635 3421 841 3486 Ecclesiaste
863 3424 901 3487 et
914 3422 998 3487 libro
1015 3421 1208 3503 Sapientiae
1223 3427 1363 3504 sumpta
1379 3422 1502 3506 Glyco·

256 3537 330 3603 nico
353 3540 464 3602 metro
487 3536 672 3618 expressit,
697 3555 716 3602 e
739 3537 862 3618 quibus
885 3554 993 3618 pauca
1016 3536 1239 3603 adscribenda
1262 3537 1432 3603 duximus.

383 3702 473 3785 Valp.
497 3704 616 3771 Eccba.
642 3704 698 3786 II,
723 3707 755 3772 8.

289 3870 356 3926 Feci
383 3871 457 3926 mihi
477 3873 614 3927 cantores
631 3873 663 3926 et
681 3871 861 3927 cantatrices

254 3996 286 4049 et
309 3993 429 4050 delicias
454 3993 584 4050 filiorum
603 3994 778 4060 hominum,
798 4008 859 4063 scy-

255 4117 331 4186 phos
350 4119 382 4173 et
398 4131 500 4173 urceos
512 4118 545 4172 in
558 4118 726 4172 ministerio
739 4118 776 4173 ad
790 4117 860 4174 vina

254 4242 412 4297 fundenda.

943 3705 1089 3787 Macrop.
1114 3704 1270 3770 Lazarus
1293 3706 1356 3771 667
1381 3723 1451 3787 sqq.

940 3846 1104 3901 Cantantes
1123 3860 1229 3915 pueros
1247 3846 1323 3901 mihi

939 3943 1058 3999 concivi
1076 3945 1168 4012 atque
1187 3943 1349 4014 puellulas,

939 4041 1050 4097 Omnes
1067 4041 1188 4097 delicias
1206 4055 1322 4110 quoque

939 4140 1009 4194 Nati
1029 4153 1104 4207 quas
1123 4139 1281 4195 bominum
1300 4139 1457 4207 expetunt.

939 4238 995 4292 Pro
1014 4238 1084 4292 vino
1103 4251 1192 4292 aurea
1211 4235 1315 4304 pocula

937 4333 1117 4399 Fundendo,
1137 4335 1168 4389 et
1186 4332 1383 4389 Ganimedeus

939 4431 993 4499 Qui
1013 4431 1162 4487 Bacchum
1181 4430 1257 4485 mihi
1276 4430 1432 4486 misceant.

299 4613 410 4677 Attuli
441 4612 532 4677 bunc
562 4609 673 4676 locum
701 4613 740 4674 ut
763 4609 981 4675 ostenderem
1004 4607 1256 4690 Macropedium
1277 4607 1319 4672 iis
1342 4623 1429 4688 quae
1454 4623 1498 4672 ex
