3270 5310
783 428 844 491 185

209 622 285 687 995.
333 620 372 685 In
405 619 487 684 urbe
518 620 647 684 libera?
679 620 758 700 quid
790 620 879 722 hoc?
926 620 1028 686 Rusn.
1062 620 1116 685 Sic
1143 625 1268 689 actum.
1310 623 1434 690 Pauus.

1004 733 1005 736 ’
1110 736 1196 801 Eum
1221 737 1390 821 describe,

334 850 442 930 Quem
457 851 602 916 videras.
629 851 732 916 Rusn.
750 849 911 932 Pulcher,
929 851 1024 932 agilis
1036 869 1200 933 comaque
1212 854 1435 937 cincinnatus,

334 967 411 1032 Non
437 966 620 1031 admodum
644 983 823 1049 procerus,
849 969 886 1031 81
910 968 1053 1032 rubente
1077 968 1194 1032 tunica
1216 969 1358 1035 indutus

334 1081 505 1164 Nigroque
529 1082 648 1164 pileolo
671 1086 775 1162 caput
798 1082 944 1149 velatus.
992 1081 1117 1148 Peren.
1142 1083 1250 1165 Hem,
1267 1086 1435 1162 venabor,

335 1197 438 1288 Siquo
462 1198 562 1273 modo
585 1198 648 1262 hos
671 1214 797 1276 queam
820 1198 904 1263 duos
929 1198 1159 1278 praehendere
1183 1200 1370 1266 nebulones

192 1313 286 1379 1000.
335 1313 377 1377 ut
402 1314 553 1395 perdere.
601 1313 704 1379 Rusn.
731 1312 858 1393 Ecquid
882 1313 1034 1393 proderis
1057 1314 1181 1380 misero
1204 1315 1325 1401 impios

1091 1431 1279 1512 perdendo,

336 1543 441 1609 Sinon
465 1545 554 1624 quod
579 1544 750 1608 abstulere
775 1545 883 1617 eidem
909 1544 1043 1610 reddier
1065 1547 1204 1620 curaris.

334 1661 407 1725 Etsi
431 1659 569 1740 quidem
592 1659 638 1732 mi
662 1659 796 1724 domine
820 1659 965 1740 agricola
987 1677 1066 1734 sum
1089 1661 1183 1726 rudis
1206 1662 1400 1743 bardusque

335 1774 423 1843 Novi
447 1777 563 1840 tamen
587 1774 710 1839 debere
735 1778 769 1839 te
793 1777 929 1847 tantum
953 1776 1072 1849 iuvare
1096 1793 1277 1860 oppressos

337 1888 510 1969 Quantum
534 1891 765 1972 opprimentes
788 1890 945 1972 plectere.
993 1891 1072 1957 Sar.
1097 1891 1217 1957 Intulit
1240 1895 1362 1974 probe,

1146 2008 1324 2074 mehercle.

192 2122 288 2188 1005.
336 2122 461 2194 Pauus.
487 2120 571 2201 Quid
596 2120 730 2186 efficere
753 2139 876 2202 queam
893 2122 956 2187 nisi
973 2122 1135 2194 exhibeas
1152 2123 1233 2196 mihi
1249 2125 1438 2189 nocentes?

336 2237 439 2303 Rusr.
465 2237 646 2313 scrutetur
668 2238 757 2302 hano
780 2237 937 2308 dominus
963 2254 1058 2305 meus
1083 2239 1339 2319 domunculam,

1145 2354 1303 2419 fortassis

336 2468 504 2533 Pecuniae
528 2485 624 2534 meae
648 2468 776 2540 indices
800 2469 938 2534 furesve
961 2468 1201 2557 deprehendet.

340 2584 463 2651 Pirum.
490 2583 561 2664 Quo
585 2585 688 2657 nixus
712 2588 915 2666 argumento
938 2585 971 2649 id
995 2586 1183 2659 autumas?
1207 2585 1310 2661 Rusr.
1327 2585 1438 2651 Meam

1158 2700 1240 2774 dum
1263 2704 1393 2767 sortem

339 2816 471 2889 Florem
495 2816 597 2890 miser
623 2815 847 2881 miserabilem
872 2816 936 2880 hac
959 2817 1059 2889 domo
1083 2820 1253 2882 exeuntes
1275 2817 1350 2898 ipsa

195 2933 291 2997 1010.
336 2931 432 2997 Hora
454 2931 542 3007 duae
565 2931 801 3012 mulierculae,
826 2931 1052 3001 scholasticus
1075 2949 1209 3013 quoque
1233 2949 1360 3013 procax

338 3047 482 3112 illudere
506 3064 618 3113 meam
644 3047 894 3127 calamitatem,
919 3047 1162 3128 opprobrioque
1187 3047 1349 3113 affectum

338 3164 484 3244 Abigere
507 3180 586 3235 curn
609 3163 771 3229 nonnulla
794 3163 874 3227 mihi
898 3162 940 3236 de
963 3163 1026 3228 11118
1050 3162 1139 3227 foret
1161 3163 1326 3245 suspici0,

340 3279 383 3343 Et
406 3279 520 3352 nescio
544 3296 629 3360 quos
654 3278 735 3351 mihi
758 3279 934 3362 Cabisoos,
958 3296 1044 3359 quos
1069 3279 1246 3361 Stypiscos
1269 3279 1390 3344 ludens

341 3392 471 3459 Graece
494 3411 578 3476 puer
602 3400 817 3460 memoraret.
842 3393 966 3459 Pirum.
986 3393 1091 3475 Hem,
1107 3395 1228 3458 secede
1245 3393 1439 3474 paululum,

1334 3508 1394 3574 sed

196 3625 292 3690 1015.
340 3625 488 3706 Longius
511 3642 554 3689 ne
579 3627 713 3705 abesto;
738 3625 802 3690 abi.
850 3625 928 3699 San.
954 3625 1019 3689 Per
1043 3623 1244 3706 Herculem,
1268 3625 1320 3689 hic

1111 3740 1272 3805 Cabisous

340 3857 420 3937 Est,
445 3857 498 3921 hic
522 3856 702 3939 Stypiscus
726 3859 795 3940 est,
820 3857 877 3938 qui
901 3856 1066 3928 similibus
1091 3856 1167 3931 tibi,
1193 3856 1311 3936 heros,
1412 3938 1417 3948 Ι

342 3971 534 4037 Sceleribus
557 3973 709 4038 accusati
732 3976 848 4052 erant,
873 3973 930 4053 qui
954 3972 1222 4053 oppignerarunt
1244 3973 1324 4036 vino

339 4087 530 4168 Redempto
553 4104 677 4167 aquam
700 4105 760 4169 pro
784 4088 927 4167 cretico,
952 4090 1055 4167 atque
1079 4085 1227 4151 consulis
1251 4083 1407 4148 ministro

340 4203 452 4283 Lapsu
476 4203 652 4283 inquinato
676 4203 822 4268 traditas
846 4204 950 4283 dapes
974 4202 1037 4267 sibi
1062 4201 1289 4267 abstulerunt.

198 4316 293 4382 1020.
341 4317 466 4383 Pauus.
498 4319 672 4398 Apparet;
705 4319 832 4383 ostium
860 4318 984 4399 crepit3
1010 4317 1124 4382 videte
1149 4316 1225 4396 quis
1249 4314 1440 4395 prospiciat.

664 4561 973 4576 ——--—
