3270 5310
860 381 924 444 180

508 680 642 758 Actus
672 681 866 776 quartus.
941 677 1107 758 Scaena
1134 681 1276 758 sexta.

359 1071 648 1135 Pmuoormrsrun.
695 1069 967 1134 Pffltmomruu.
1016 1069 1190 1134 muscus.
1239 1069 1432 1136 Surrrsoua

684 1263 794 1342 Euge,
819 1261 946 1326 adsunt
970 1261 1119 1326 amiculi!
1145 1261 1317 1341 Petrisoe,
1342 1266 1469 1328 caveto

395 1379 446 1443 Ne
469 1377 628 1460 prodeas;
652 1377 803 1441 nondum
826 1381 925 1456 pater
948 1377 1119 1457 propriam
1143 1377 1282 1443 domum
1298 1378 1471 1444 introivit.

272 1495 345 1559 865.
396 1494 476 1559 Cau.
505 1494 572 1558 Cur
596 1510 676 1557 nam
700 1493 858 1573 sequenti
883 1496 935 1573 (ut
959 1491 1142 1579 iusseram)
1165 1493 1337 1558 numisma
1361 1511 1431 1558 non

1326 1609 1524 1674 reddebas?

396 1725 491 1789 Srre.
517 1725 706 1789 Reiioerem
729 1740 835 1803 egone
859 1723 1071 1803 Philippeum
1095 1726 1167 1787 tam
1191 1724 1434 1803 splendidum?

1292 1856 1523 1920 nequaquam.

395 1956 474 2021 Ona.
501 1955 536 2019 Si
561 1955 720 2020 redderes
745 1956 857 2020 minus
881 1956 970 2019 foret
993 1956 1150 2036 perieuli;
1175 1956 1238 2021 tibi
1262 1957 1431 2040 primum3

398 2071 483 2151 Quia
506 2071 595 2136 unde
620 2075 655 2135 te
679 2074 855 2135 accusaret
878 2070 967 2134 haud
991 2071 1135 2135 haberet
1158 2071 1320 2151 praesidi;
1345 2074 1443 2151 atqui

398 2187 450 2251 Me
474 2187 528 2271 (ut
551 2186 720 2267 suspicor)
743 2203 811 2250 non
836 2187 978 2250 viderat.
1028 2186 1123 2253 Srre.
1149 2187 1203 2251 Me
1226 2191 1385 2264 accuset,

1288 2302 1523 2383 obtrudatque

272 2421 347 2485 870.
395 2419 448 2483 Me
472 2417 627 2498 praesidi.
654 2417 790 2481 Meliust
814 2420 931 2481 tenere
955 2434 1058 2497 quarn
1080 2418 1226 2482 abiicere
1250 2417 1457 2498 Philippum.

392 2535 496 2602 Eooas
520 2533 698 2612 amiculam
724 2533 832 2597 forem
856 2534 1059 2609 observant,
1086 2550 1180 2598 mora
1203 2532 1297 2597 nulla
1320 2550 1364 2597 ne
1388 2534 1438 2598 sit

394 2650 499 2714 Nobis
522 2649 787 2714 revertentibus,
825 2648 990 2713 Panare.
1015 2649 1147 2713 Adeste
1171 2649 1258 2728 cito,
1283 2665 1380 2714 mora
1403 2650 1439 2713 in

1349 2765 1520 2843 periclost.

395 2880 475 2945 Gna.
501 2878 587 2958 Quid
611 2879 726 2943 nuno?
752 2878 801 2942 Ut
824 2879 909 2942 estis
932 2877 1090 2960 timidae,
1116 2883 1156 2943 ut
1180 2879 1264 2944 estis
1280 2880 1521 2960 scrupulosam

1359 2994 1476 3060 Mente

395 3113 579 3175 Amantem
605 3113 740 3190 oportet
763 3127 840 3174 esse
864 3109 980 3175 libera.
1017 3110 1181 3175 Prnunao.
1199 3109 1357 3174 Profecto
1373 3114 1521 3191 oportet.

321 3229 346 3291 ⁹.
394 3226 546 3292 Fortuna
569 3230 609 3290 ut
632 3226 777 3289 arrisit?
802 3225 868 3290 fuit
891 3226 1066 3290 secunda?
1091 3225 1171 3290 Ona.
1189 3226 1373 3306 Nunquam
1386 3226 1522 3306 melior;

395 3341 508 3406 Croesi
526 3341 642 3406 adfero
658 3341 826 3421 ingenteis
843 3357 933 3421 opes
970 3341 1155 3406 Paruoorra.
1174 3340 1233 3406 Dic
1246 3342 1352 3423 serio,
1365 3342 1521 3422 Cabisoe,

395 3457 487 3521 Num
510 3457 676 3521 rusticum
700 3456 902 3536 expilastis‘?
949 3455 1030 3522 One.
1054 3455 1162 3537 Hem,
1187 3456 1266 3536 quid
1290 3457 1484 3521 rusticum?

1220 3571 1280 3636 Pol
1303 3573 1431 3652 nugael

396 3686 480 3768 Quid
505 3687 606 3752 huius
629 3688 664 3750 in
687 3690 840 3752 mentem
863 3687 986 3751 venit?
1032 3687 1216 3752 Pmnocaa.
1241 3687 1333 3752 Miris
1356 3687 1467 3752 modis

1269 3802 1423 3868 turbavit

396 3919 468 3984 Iam
492 3919 641 3984 rusticus
665 3917 779 3982 neseio
799 3918 874 3997 quis
890 3917 978 3981 hane
993 3921 1148 3982 nostram
1163 3916 1327 3982 familiam
1342 3935 1523 3983 amoenam

342 4088 348 4101 .
398 4035 441 4099 Et
463 4034 613 4098 liberam.
661 4033 801 4098 Duobus
824 4033 1051 4114 implanatum
1075 4032 1123 4096 ait
1146 4049 1223 4097 sese
1247 4048 1324 4098 esee

397 4149 637 4215 Nebulonibus.
686 4148 852 4214 Paulae.
877 4148 1081 4214 Scolastieis.
1129 4147 1313 4212 Pmuoorra.
1340 4146 1466 4237 Quem,

956 4267 995 4327 ut
1018 4280 1079 4344 par
1103 4267 1194 4339 erat,
1220 4266 1422 4343 trusumque

397 4381 610 4459 caesumque
634 4379 911 4445 disturbavimus.
961 4379 1115 4443 Technas
1139 4378 1314 4444 Petrisous
1337 4383 1475 4443 vestras

396 4495 496 4560 Certe
519 4498 689 4579 autumat,
726 4495 820 4559 Surr.
847 4493 1029 4559 Hahahael
1065 4495 1231 4560 Perenne.
1257 4493 1338 4574 Quis
1362 4495 1415 4558 hio
1434 4495 1525 4559 risus

1012 4609 1116 4696 (quod
1141 4609 1253 4697 aiunt)
1275 4610 1351 4690 plus
1375 4626 1480 4689 quam
