3270 5310
815 422 836 484 4

237 616 454 684 Syntaxeoe
481 612 689 682 Praecepta
717 612 870 683 Antorej
887 613 1048 680 Georgio
1072 613 1307 679 ilacropedio
1327 614 1451 669 denuo

201 713 400 780 recognita
416 714 437 780 ¹)
465 713 502 765 et
531 711 726 780 plerisque
745 711 782 765 in
800 707 896 765 locis
914 711 1122 777 castigata,
1142 711 1179 764 in
1199 710 1337 779 quibus
1357 725 1453 779 pene

201 810 299 864 nihil
328 824 471 873 eorum,
499 822 586 876 quae
613 808 656 863 ab
683 808 775 862 aliis
803 807 930 862 fusius
953 807 1339 874 latiusquetractata
1358 810 1453 863 sunt

201 907 516 974 praetermissum
547 909 620 974 est,
649 905 892 960 Traiectinae
920 904 1075 959 scholae
1103 904 1327 973 tyrunculis
1355 906 1451 960 dedi·

200 1016 292 1060 cata.
329 1004 586 1058 Accesseruut
609 1002 696 1057 huic
715 1002 931 1069 postremae
949 1001 1113 1056 editioni
1132 1015 1352 1069 graecarum
1371 1016 1452 1057 con·

199 1101 460 1157 structionurn
478 1100 752 1155 annotationes
773 1098 1036 1153 breviusculae
1055 1098 1453 1168 otoxempla,singulis

199 1200 277 1255 fere
310 1197 520 1254 canonibus
550 1198 713 1261 adiecta,
744 1211 788 1250 ex
817 1197 956 1264 quibus
988 1197 1189 1251 studiosus
1218 1210 1308 1263 puer
1335 1196 1453 1252 facile

199 1295 482 1351 animadvertet
514 1295 550 1349 in
579 1294 715 1362 quibus
741 1294 898 1349 Graecis
926 1293 1121 1349 nobiscum
1150 1295 1355 1349 conveniat
1383 1296 1453 1349 aut

200 1408 271 1448 non
291 1392 505 1447 conveniat.

699 1513 948 1583 Sylva-educis

327 1613 431 1679 Apud
450 1612 629 1666 Ioannem
649 1612 849 1666 Turnhout
867 1612 1165 1680 typographum,
1184 1625 1201 1666 a
1219 1612 1318 1666 Caes.

456 1708 599 1763 llaiest
618 1709 841 1773 admissum,
860 1709 927 1763 sub
946 1723 1057 1763 curru
1077 1709 1196 1775 igneo.

557 1805 661 1859 Anno
679 1820 697 1859 a
715 1806 869 1859 Christo
889 1807 978 1860 nato
999 1807 1077 1861 ibor.

237 1939 281 1993 Ex
311 1939 504 2006 praefatione:
534 1939 721 2005 „syntaxeos
742 1940 896 2005 praecepta
916 1952 990 2005 quae
1009 1938 1136 1993 nutricis
1156 1939 1252 1992 instar
1272 1937 1451 2006 plerumque

201 2034 369 2091 balbutiens
387 2036 458 2090 ante
478 2035 533 2090 hoc
545 2034 638 2090 ferme
651 2035 890 2102 quinquennium
904 2034 1025 2089 tenellis
1037 2035 1113 2089 meis
1125 2034 1311 2090 auditoribus
1323 2036 1448 2105 ingessi,

200 2134 297 2188 denuo
315 2132 467 2201 recognita
485 2133 516 2187 et
533 2132 570 2186 ab
589 2131 656 2186 aliis
674 2132 935 2187 elernentariorum
955 2133 1135 2186 rudimentis
1150 2132 1300 2202 seiuncta,
1320 2133 1449 2189 seorsim

200 2231 361 2300 premenda
388 2230 503 2299 curavi,
528 2243 586 2297 quo
610 2231 730 2285 nostrae
755 2228 872 2294 scholae
897 2229 1055 2297 tyronibus
1079 2229 1196 2285 diversa
1214 2230 1329 2285 ratione
1349 2231 1451 2298 magis

196 2328 368 2384 consultum
387 2328 438 2383 ait.
474 2326 539 2382 Scio
558 2327 694 2395 equidem
715 2327 792 2394 quod
811 2326 936 2381 curiosis
948 2328 1165 2394 emunctaeque
1177 2327 1259 2381 aun's
1272 2327 1450 2383 hominibus

196 2440 257 2480 non
275 2424 460 2494 satisfecero,
480 2424 587 2492 quibua
606 2438 665 2478 non
686 2424 744 2478 nisi
758 2424 835 2491 quod
849 2422 1067 2492 lepidissimum
1080 2425 1235 2492 acceptum
1249 2425 1305 2479 est.
1324 2422 1450 2480 Dabunt

193 2533 297 2577 tamen
323 2522 443 2577 veniam
469 2522 495 2576 si
520 2521 636 2576 candidi
658 2522 735 2590 sint,
756 2535 825 2575 cuni
844 2521 995 2576 audierint
1016 2535 1064 2576 me
1083 2521 1216 2589 parvulis
1235 2522 1311 2576 meis
1329 2534 1448 2576 morem

191 2632 307 2686 gerere,
324 2618 432 2686 quibus
444 2617 520 2672 lacte
534 2618 665 2686 primurn
678 2631 753 2685 opus
767 2620 829 2686 est,
843 2631 903 2672 non
916 2617 1009 2672 solido
1023 2616 1258 2673 fortissimorum
1272 2617 1336 2672 cibo
1356 2657 1363 2672 .
1383 2658 1390 2669 .
1412 2659 1419 2671 .
1441 2660 1448 2673 .

192 2715 328 2771 consulto
356 2716 460 2770 antem
489 2729 528 2770 ex
554 2716 646 2769 sacris
664 2714 768 2778 (sicubi
788 2715 992 2781 occurrebant)
1011 2714 1150 2783 exempla
1168 2714 1260 2770 adieci
1266 2731 1274 2783 ;
1293 2714 1347 2769 aut
1366 2717 1447 2783 quod

193 2812 326 2880 planiora
344 2812 532 2881 viderentur,
552 2814 606 2866 aut
627 2811 704 2880 quod
724 2810 871 2879 plerisque
890 2812 988 2878 magia
1006 2811 1200 2867 arriderent.”

230 2911 265 2963 ln
285 2909 340 2964 hoc
359 2908 456 2963 libello
476 2909 573 2964 multi
594 2908 756 2963 Alexandri
776 2909 965 2975 granuuatici
984 2923 1080 2976 genus
1098 2909 1212 2964 dicendi
1229 2908 1378 2977 i·eierunt;
1392 2910 1447 2965 sed

191 3007 249 3063 alia
267 3010 315 3063 est
333 3007 508 3075 Macropedii
527 3006 683 3075 dispositio
702 3007 734 3060 et
751 3005 924 3060 distributio
935 3048 941 3075 ,
954 3008 985 3061 et
999 3005 1154 3074 pleraeque
1167 3020 1215 3061 res
1227 3006 1264 3061 ab
1277 3021 1311 3060 eo
1324 3006 1450 3075 planius

191 3120 224 3160 ac
243 3103 371 3160 lucidius
389 3103 586 3172 explicantur.
625 3102 669 3157 Ex
688 3102 837 3171 exemplis
855 3101 995 3170 eligimus
1014 3103 1097 3158 haec:

372 3228 480 3295 Quanti
499 3227 601 3282 emisti
620 3225 753 3282 librum?
790 3226 896 3280 Tribus
914 3225 1039 3292 atriferis.

227 3368 410 3424 scholastica
438 3369 501 3422 vita
530 3380 689 3433 puerorum
718 3366 815 3421 multa
845 3365 966 3434 praebet
993 3366 1146 3433 exempla,
1175 3367 1283 3434 qulbus
1307 3367 1394 3436 virga
1412 3371 1449 3425 et

191 3465 287 3521 ferula
305 3479 393 3533 saepe
412 3464 586 3519 laudantur:

226 3563 269 3619 l¹u
294 3577 362 3617 cum
388 3561 619 3630 congerronibus
644 3562 706 3616 tuis
731 3559 912 3630 vapulabitis
919 3576 927 3628 ;
950 3559 999 3615 ille
1025 3574 1184 3629 percussus
1208 3563 1256 3616 est
1274 3561 1372 3630 virga;
1393 3562 1446 3618 ille

190 3660 395 3729 flagellabatur
421 3660 576 3715 dimidiam
607 3659 726 3727 horam;
758 3658 889 3726 percutio
919 3658 1055 3727 Petrum,
1080 3658 1120 3712 ibi
1146 3659 1269 3713 Petrum
1291 3658 1447 3725 significat

190 3777 254 3818 rem
267 3777 342 3831 quae
356 3763 534 3831 percutitur;
547 3760 752 3816 verberabora
767 3764 1133 3835 praeceptore-rupiacum:
1146 3759 1196 3815 tab
1211 3766 1256 3815 τοῦ
1266 3760 1442 3819 διδασκάλω.

191 3871 318 3926 Ioannes
338 3870 504 3938 percutitur
523 3869 609 3924 nates
628 3868 783 3942 ῥαβδίζιται
805 3871 890 3940 πυγάς
909 3868 1027 3922 videtur
1044 3880 1148 3934 graeca
1168 3866 1293 3934 phrasis.

226 3971 375 4027 Nonnulla
403 3970 542 4038 exempla
570 3969 744 4024 invenimus
773 3982 848 4037 quae
876 3968 963 4022 hodie
991 3982 1051 4022 non
1076 3967 1160 4022 facile
1185 3968 1380 4038 recipiantur,
1408 3971 1447 4025 ut

190 4070 297 4124 Petrus
331 4068 513 4123 comminxit
547 4066 674 4125 lectum,
709 4066 882 4120 convomuit
914 4064 1049 4119 Paulum.
1088 4064 1233 4120 Versiculi
1264 4064 1443 4133 Macropedii

189 4168 309 4234 saepius
326 4166 392 4219 duri
412 4167 485 4219 sunt
503 4167 535 4218 et
554 4163 742 4231 subobscuri,
761 4165 804 4218 ita
825 4166 859 4217 ut
878 4176 938 4217 non
952 4164 1054 4218 minus
1068 4176 1156 4230 quam
1171 4162 1335 4218 Alexandri
1348 4163 1444 4232 expli-

190 4265 306 4319 catione
324 4264 444 4330 egeant,
465 4276 539 4329 quae
559 4276 645 4329 prosa
664 4261 798 4315 oratione
819 4260 992 4328 plerumque
1011 4260 1138 4315 additur.

227 4569 248 4629 Ι)
268 4567 366 4620 Prima
385 4566 475 4619 editio
497 4565 604 4631 prodiit
624 4564 794 4619 Busciducis
809 4564 888 4630 apud
903 4562 1085 4624 Hatardunr,
1101 4563 1184 4631 1538,
1197 4563 1326 4618 secunda
1338 4562 1444 4621 Ultra-

189 4655 257 4709 iecii
278 4655 355 4721 apud
377 4654 413 4709 H.
435 4653 628 4708 lioacunouu.
