3270 5310
752 387 792 451 47

149 579 285 644 educier
320 579 359 660 3,
394 578 546 643 inducier
580 579 619 657 3,
656 578 850 659 perducier,
886 580 1063 660 producicr
1097 581 1135 657 8,
1172 581 1325 646 reducier
1360 583 1398 662 2,

149 694 321 759 traducier
351 694 390 775 33
422 693 528 759 semel
552 694 774 759 inveniuntur
797 694 943 777 mittier,
968 696 1192 771 committier,
1217 696 1398 776 dimittier,

150 809 359 892 promittier,
393 810 562 874 remittier
596 810 634 889 2;
670 810 736 874 huc
770 810 943 891 pertinent
974 812 1078 875 etiam
1110 812 1238 878 inultae
1269 812 1399 879 formae

149 925 381 1006 inchoativae,
405 928 446 990 ut
469 924 658 990 obliviscier
681 926 720 1005 6,
744 925 882 990 irascier
906 927 946 1003 6,
972 926 1103 991 vescier
1126 928 1164 1008 3,
1181 928 1346 1008 ignoscier
1363 930 1399 1001 2.

150 1041 339 1106 nanciscier
376 1041 414 1122 2,
454 1041 584 1122 pascier
621 1042 658 1120 2,
694 1041 897 1122 proficiscier
932 1043 970 1123 2,
1007 1046 1079 1122 001;
1116 1045 1259 1123 quartae
1291 1045 1401 1109 coniu-

151 1156 297 1238 gationis
321 1157 382 1236 29,
406 1160 446 1221 ut
463 1156 609 1221 molirier
625 1157 664 1238 3,
682 1158 841 1238 aperirier
858 1159 894 1233 2,
913 1159 1098 1239 experirier
1114 1160 1152 1240 3,
1168 1160 1345 1240 reperirier
1364 1162 1399 1234 1,

152 1271 311 1353 operirier
350 1272 388 1348 2,
428 1273 611 1354 opperirier
651 1273 689 1352 2,
729 1274 935 1356 impartirier
973 1275 1012 1356 3,
1051 1275 1201 1355 largirier
1240 1276 1279 1347 2.
1316 1276 1400 1340 elar-

151 1386 251 1469 girier
274 1388 313 1468 2,
338 1391 401 1453 001.

198 1503 296 1569 'Pales
318 1502 448 1569 formae
472 1521 494 1568 a
516 1503 616 1570 llacr.
644 1509 873 1586 usurpantur:

198 1619 237 1682 ln
262 1618 421 1686 Senan'is.
461 1618 618 1701 Syllabae
641 1658 686 1667 -
709 1622 759 1684 ier
782 1621 816 1684 in
840 1622 978 1703 paribus
1000 1621 1143 1702 pedibus
1165 1621 1276 1687 locum
1300 1639 1400 1687 suum

154 1734 280 1800 habere
311 1735 439 1810 solent,
464 1738 501 1800 ct
524 1735 660 1815 quidem
683 1736 717 1800 in
741 1736 826 1817 pede
850 1740 951 1802 sexto
978 1737 1059 1806 153.
1083 1739 1117 1802 in
1142 1741 1265 1818 quarto
1289 1740 1343 1819 51,
1366 1739 1401 1802 in

155 1849 304 1915 secundo
329 1850 381 1914 54.
398 1849 421 1935 Ι)
458 1849 609 1915 Afferam
635 1852 792 1933 exempla
814 1852 992 1928 nonnulla,
1014 1869 1101 1932 quae
1116 1852 1218 1917 simul
1234 1852 1402 1933 quomodo

155 1965 220 2030 hae
236 1965 365 2031 formae
381 1965 416 2030 in
432 1967 549 2048 paucis
565 1968 722 2033 versibus
737 1985 983 2048 nonnunquam
1000 1968 1257 2035 accumulentur
1269 1969 1402 2034 demon·

154 2082 326 2150 strabuut.

244 2249 328 2304 Asot.
348 2249 407 2304 194.
713 2253 771 2306 Ast
789 2250 946 2322 epularier,
965 2251 1130 2307 bocchorier

440 2345 614 2417 Scortaricr,
634 2348 742 2402 lactare
761 2348 885 2403 herilem
905 2348 1002 2403 fllium

440 2444 515 2499 Novi
536 2445 637 2513 probe,
657 2445 809 2513 lepideque
827 2445 1041 2501 matriculario·

441 2541 526 2597 soleo
545 2556 663 2612 senem,
683 2543 831 2598 sublinere
849 2545 880 2599 ot
900 2557 933 2598 os
951 2542 1074 2599 offuciis.

252 2683 308 2738 Ad.
327 2682 406 2738 1118.
444 2683 518 2751 Quid
538 2683 650 2739 montis
669 2684 729 2739 heu
747 2684 822 2739 mihi
842 2685 914 2755 siet,
934 2699 1009 2752 quae
1028 2685 1105 2740 filios

440 2781 533 2837 Video
552 2795 635 2836 moos
655 2781 825 2852 lapidaria,
845 2781 890 2836 vel
909 2782 997 2837 audio

441 2878 507 2946 igni
528 2892 610 2934 sacro
630 2878 772 2943 wrarier,
792 2893 866 2946 quos
884 2878 961 2934 illico
985 2888 987 2892 “

441 2974 616 3031 Videbimus
636 2976 694 3043 (uti
714 2976 860 3044 suspicor)
879 2977 1056 3032 cadaverum

440 3072 520 3127 More
538 3072 606 3137 eici,
624 3087 642 3127 a
661 3073 842 3141 canibusque
861 3073 1038 3129 dilaniorier.

237 3211 307 3268 Hoc.
327 3211 404 3268 1921.
826 3215 906 3270 Num
926 3217 961 3270 tu
980 3215 1060 3270 sines

443 3306 507 3365 Hoc
525 3309 701 3374 delicatum,
719 3311 878 3366 amabilem
897 3315 928 3367 et
948 3311 1181 3380 pulcherrimum

442 3406 553 3475 corpus
572 3409 661 3463 tuum
681 3409 868 3479 corrumpier,
888 3411 1056 3476 putrescere

446 3505 684 3574 Terebrarierquo
703 3508 877 3562 vermibus?

157 3645 214 3701 Ios.
232 3644 408 3702 1101101317.
801 3649 941 3703 Seorsum
961 3649 1042 3703 enim

442 3743 585 3799 Rene-tier
606 3744 703 3800 solent
723 3747 861 3812 parentes
879 3745 999 3813 approbi

444 3842 482 3897 Et
501 3841 583 3897 liberi
604 3842 784 3909 quibuslibet
801 3843 944 3899 000100ἰο1.

203 4014 244 4079 In
277 4014 440 4098 Iosepho,
472 4016 527 4081 ubi
561 4017 690 4083 multae
718 4016 794 4104 (65)
817 4017 1009 4083 huiusmodi
1032 4018 1162 4083 formae
1185 4018 1407 4084 inveniuntur

159 4133 214 4195 ter
236 4131 335 4197 binas
358 4131 501 4213 legimus
523 4132 557 4196 in
582 4133 722 4213 singulis
746 4134 911 4199 versibus.

197 4453 219 4520 ¹)
253 4454 341 4521 Apud
366 4454 483 4509 veteres
508 4455 563 4510 hae
588 4455 701 4510 formae
726 4456 865 4510 ultimam
891 4470 997 4511 versus
1016 4458 1116 4511 sedem
1136 4470 1276 4524 occupare
1295 4456 1406 4523 solent;

159 4541 261 4596 decem
287 4542 359 4598 ante
387 4555 540 4598 caesuram
566 4543 778 4611 inveniuntur,
803 4546 865 4599 tres
891 4546 1012 4600 tantum
1031 4545 1098 4600 aliis
1117 4544 1197 4600 locis.
1229 4547 1352 4612 (Lorenz
1370 4547 1406 4600 ad

161 4629 248 4686 illest.
264 4630 339 4699 951).
