3270 5310
741 395 782 459 41

174 587 245 642 Reb.
267 587 331 641 247.
367 586 419 643 Pol
437 586 523 642 ulmei
540 587 716 643 iamdudum
736 589 860 656 uterque
879 602 1014 643 essemus
1032 589 1063 643 et
1081 589 1178 643 instar
1192 589 1310 645 scabrae
1323 591 1388 645 on's

370 684 513 753 perlividi.
665 744 668 749 ,

174 781 244 837 Heo.
269 781 330 837 332.
367 780 429 836 Nos
447 781 570 837 interim
589 795 728 837 eruemus
746 796 781 837 ea
802 796 877 850 quae
896 783 1025 837 iusserat

371 879 426 935 Per
444 879 562 947 singula
581 880 686 934 exacte
704 880 828 948 exsequi
834 896 842 949 ;
862 879 887 933 si
908 893 968 934 non
987 879 1116 935 velimus
1135 879 1219 934 ulmei

369 975 469 1031 Rebus
489 976 670 1044 quibuslibet
682 977 846 1044 'imparatis
864 977 986 1032 reddior.

185 1124 249 1192 Ios.
282 1127 357 1191 421.
405 1124 530 1207 Aegia,
563 1142 670 1191 saeva
700 1125 892 1207 Potipharis
923 1143 1010 1191 uxor
1041 1128 1145 1192 etiam
1173 1127 1301 1192 ancillis
1324 1127 1387 1193 hoc

139 1241 240 1307 modo
263 1242 431 1307 urinatur:

423 1383 531 1438 Curate
550 1397 626 1452 quae
645 1385 872 1448 mandaveram,
891 1384 949 1438 nisi
969 1386 1082 1451 vesperi

424 1480 550 1535 Proreus
567 1480 669 1536 velitis
687 1480 794 1536 ulmeae
812 1482 980 1550 spectarier.

186 1619 309 1686 Similis
333 1621 458 1687 locutio
479 1621 655 1687 invenitur
677 1622 785 1690 Andr.
812 1624 907 1688 1033.

513 1763 589 1818 Cave
608 1763 729 1819 verbulo
749 1764 824 1818 mihi
844 1764 961 1820 oooinas

423 1859 487 1915 Nisi
508 1862 543 1916 tu
563 1875 679 1929 quoque
698 1861 760 1917 fleri
780 1861 854 1915 velis
874 1876 945 1916 mox
964 1861 1061 1916 ainwa.

175 1957 286 2013 Deinde
305 1960 340 2013 ut
359 1957 485 2013 Plautus
504 1957 578 2014 Rud.
598 1958 651 2014 636
669 1958 791 2014 ulmeam
807 1959 989 2014 lindemiam
1003 1959 1074 2013 dicit
1088 1959 1130 2014 sic
1143 1959 1229 2014 Maon.
1243 1961 1321 2014 Petr.
1334 1961 1387 2015 455

137 2054 261 2111 ulmeam
279 2054 432 2111 ferculum.

174 2153 259 2209 Asot.
280 2153 340 2208 158.
376 2152 472 2209 ulnrea
490 2153 625 2217 verbera,
644 2153 698 2210 380
715 2154 824 2209 ulmeus
843 2152 925 2208 livor.

186 2275 389 2342 Horn'bilem
425 2294 569 2359 poenam
605 2295 673 2358 qua
705 2294 950 2357 nonnunquam
984 2279 1076 2343 servi
1107 2278 1197 2359 apud
1227 2279 1387 2357 antiquos

141 2390 386 2458 adliciebantur
410 2393 550 2477 Cynopa
572 2394 736 2459 mendicis
760 2395 909 2459 minatur
932 2395 1010 2460 Lar.
1036 2395 1100 2459 753

738 2534 836 2598 Horra,
855 2534 934 2589 abite
954 2549 1048 2604 nuno,

422 2631 453 2687 Si
473 2645 534 2687 non
552 2631 653 2687 velitis
672 2631 803 2686 fustibus
823 2631 1040 2702 lmnbisroqium
1053 2635 1074 2697 ¹)

424 2729 493 2783 Mox
514 2729 636 2797 perpet-i.

185 2851 235 2916 Ut
257 2852 347 2934 apud
372 2855 510 2917 veteres
534 2853 582 2917 sio
601 2853 691 2934 apud
708 2852 958 2935 Macropedium
975 2854 1067 2918 servi
1081 2855 1228 2935 scapulis
1245 2855 1385 2936 timent,

143 2983 205 3031 neo
229 2967 353 3032 mirum
376 2985 454 3033 oum
478 2969 588 3033 minas
612 2968 754 3033 audiant
776 2969 983 3033 huiusmodi:
1020 2970 1118 3035 Asot.
1145 2970 1209 3034 335
1318 3005 1321 3010 ·

681 3110 754 3179 Abi,
774 3110 821 3164 abi
842 3110 911 3166 hino
931 3110 1047 3174 frutex,

422 3208 460 3263 Et
478 3209 584 3276 expedi
605 3223 698 3276 ocyus
717 3223 792 3276 quae
812 3209 926 3276 agenda
944 3209 976 3263 in
997 3209 1116 3273 horreo,

423 3305 488 3361 Nisi
507 3305 633 3373 [uatibus
650 3306 784 3376 scopulos
802 3306 877 3361 velis
896 3306 1037 3361 rnetirier.
1049 3309 1072 3369 2)

185 3427 336 3495 Similem
360 3430 582 3495 minationem
605 3429 748 3510 legimus
771 3430 847 3494 Lan.
874 3431 940 3494 406

690 3570 867 3626 Amollmini
880 3573 904 3633 ³)
923 3571 1007 3635 hino,

440 3669 504 3724 Nisi
525 3668 649 3736 fustibus
666 3669 799 3739 scapulos
819 3667 919 3723 velitis
937 3669 1065 3724 tundier.

184 3791 291 3858 Andr.
332 3792 407 3858 959.
448 3791 564 3858 Ponus
598 3809 739 3872 servuS,
775 3793 896 3856 horum
930 3792 1022 3856 fuste
1059 3794 1229 3855 armatum
1265 3790 1385 3854 videns

138 3907 342 3989 perterritus
367 3909 540 3974 exclamat
566 3908 701 3993 „Vaeh,
725 3909 871 3988 scapulla
893 3908 1018 3972 meis!’'

183 4021 254 4089 Neo
283 4039 462 4090 servorum
487 4027 623 4089 tanturn
648 4025 806 4105 scapulae
831 4023 919 4104 apud
945 4024 1046 4088 Maur.
1072 4023 1215 4087 fustium
1239 4021 1386 4102 periculo

207 4248 343 4255 -—--.-—...

174 4377 196 4441 ¹)
221 4376 263 4432 cf.
282 4376 379 4433 Plaut.
398 4377 508 4446 Amph.
528 4378 589 4431 454.

169 4466 193 4533 ²)
220 4464 320 4521 Fusios
338 4468 370 4521 ot
381 4465 514 4536 manuleo
526 4480 614 4533 saepe
626 4467 704 4534 apud
718 4465 759 4520 Pl.
767 4482 774 4533 ;
787 4465 910 4519 irretirier
923 4464 1049 4518 fortasse
1061 4478 1099 4516 ex
1114 4463 1214 4530 lingua
1228 4459 1384 4515 vernacula

138 4555 296 4623 sumptum
315 4554 440 4623 (idmond
458 4556 511 4610 den
528 4571 583 4625 ruo
602 4557 715 4623 meten);
734 4555 828 4609 metir-i
847 4569 923 4622 pass.
944 4566 1004 4606 non
1023 4551 1206 4606 Plautinum.

176 4645 198 4708 θ)
225 4644 313 4712 Apud
332 4642 374 4699 Pl.
393 4658 421 4699 ee
438 4643 565 4699 amoliri.
