3270 5310
750 407 812 471 183

155 603 230 666 940.
279 601 377 665 Alter
401 600 463 664 sibi
486 603 643 680 porrecta
667 599 778 664 edulia
802 599 970 678 sustinet,

278 716 377 780 Alter·
400 716 568 780 laternam
592 714 674 780 dum
697 715 792 780 levat
814 715 997 795 collapsam
1020 714 1114 779 humi

279 831 492 911 Simulatque
516 831 699 912 corrigere,
724 831 800 895 dolo
824 832 1014 895 extinctam
1038 830 1144 912 rapit;

278 948 429 1029 Fugiunt
451 950 596 1027 uterque
620 965 679 1029 per
703 947 863 1012 tenebras
887 947 1017 1027 noctis,
1042 950 1078 1010 et

277 1063 383 1128 Casso
407 1063 583 1143 ministre,
608 1066 643 1127 te
668 1063 806 1142 tuisque
830 1062 1040 1127 samentibus

223 1232 229 1246 .
279 1179 385 1244 Genio
408 1195 471 1244 suo
494 1178 669 1259 indulgent
694 1181 875 1258 cutemque
899 1178 1132 1259 exporrigunt.

278 1295 403 1361 annr.
439 1294 535 1359 Istuc
558 1294 668 1375 magis
692 1293 823 1358 furtum
847 1294 945 1374 sapit.
983 1291 1074 1358 Num
1097 1291 1195 1373 plura
1219 1296 1302 1356 sunt

276 1410 389 1475 Huius
413 1409 542 1474 farinae
566 1426 652 1489 quae
676 1410 766 1474 sient
790 1409 1035 1474 memoranda?
1083 1407 1155 1473 Sao.
1183 1407 1272 1472 Sunt

276 1524 366 1613 (Nisi
389 1529 425 1590 te
448 1527 571 1606 gravet
594 1525 790 1612 prolixitas)
813 1542 917 1605 quam
941 1524 1103 1605 plurima3

277 1641 366 1705 Nam
389 1641 515 1706 lectum
539 1641 581 1705 ab
606 1641 713 1705 altero
737 1640 889 1705 aeditum
913 1640 1001 1705 alter·
1023 1640 1173 1706 sustulit.

224 1808 230 1821 .
278 1756 444 1835 Medoque
468 1755 584 1821 ferunt
607 1773 666 1820 aes
689 1757 874 1822 abstulisse
898 1757 1035 1821 rustico.
1063 1767 1066 1773 ·

277 1871 402 1938 Panna.
428 1871 553 1936 Modo?
601 1872 674 1938 Suc.
700 1872 813 1947 Modo,
840 1873 933 1936 tama
955 1872 1090 1953 publiea
1113 1876 1177 1937 est.
1225 1871 1351 1934 Puiur.

1005 1987 1072 2052 Sed
1095 1987 1263 2066 quomodo
1272 1988 1290 2049 Ῥ

278 2102 351 2168 Suo.
377 2102 451 2167 Nisi
474 2103 522 2167 sit
545 2120 706 2184 onerosa,
731 2104 889 2185 inquam,
915 2104 976 2167 tibi
1000 2103 1179 2185 prolixitas

280 2218 375 2299 Quod
400 2219 492 2283 fama
515 2219 583 2284 fert
607 2220 706 2285 modo
729 2219 862 2301 publica
885 2220 946 2283 tibi
969 2236 1162 2300 suggeram.

278 2334 404 2400 Panna.
429 2334 665 2400 Prolixitatem
691 2353 753 2400 neo
776 2336 870 2399 locus
894 2351 957 2399 1100
980 2337 1117 2415 tempus
1141 2334 1203 2399 hoc

223 2504 229 2516 .
277 2450 429 2531 Patitur;
453 2451 488 2515 in
513 2452 679 2516 auditorio
703 2451 857 2516 dicturus
882 2468 928 2518 es.

278 2566 345 2631 Sed
369 2568 424 2632 ubi
448 2567 554 2631 latere
577 2568 678 2632 modo
702 2572 804 2649 putas
827 2567 1064 2633 latrunculos?

277 2680 351 2748 Src.
376 2682 416 2745 ln
439 2699 547 2763 ganeo
571 2700 608 2748 se
633 2684 743 2763 aliquo
768 2684 952 2748 retrudunt
974 2683 1145 2764 suspicor;

277 2796 365 2862 Nam
388 2814 408 2862 0
431 2815 540 2880 ganeo
564 2799 680 2864 ierunt
703 2816 762 2865 eos
785 2798 955 2864 didascalo

275 2913 348 2978 lam
372 2931 433 2995 per·
455 2915 630 2980 ministros
653 2915 803 2995 publicos
828 2913 1038 2980 contraditos

222 3082 228 3095 .
277 3029 402 3096 Panna.
427 3030 527 3098 Hem.
575 3031 649 3096 Sue.
676 3030 875 3112 Vapulasse.
920 3030 1044 3095 Penas.
1071 3027 1155 3108 Quid
1180 3027 1286 3108 ergo?
1311 3027 1400 3092 Sunt

1136 3143 1355 3208 scholastici?

276 3259 349 3326 Suo.
375 3260 502 3341 Fuere,
528 3262 588 3326 sed
612 3265 696 3343 puto
718 3263 787 3326 iam
811 3262 985 3327 abdicatos
1008 3261 1131 3324 litteris

277 3374 401 3442 Panna.
428 3376 524 3441 Vade
548 3377 721 3457 experire3
746 3377 867 3442 deinde
892 3394 971 3441 mox
995 3375 1134 3440 domum
1158 3391 1271 3439 meam

275 3489 472 3555 Revertere.
521 3491 595 3557 Suo.
621 3491 757 3555 Faciam
780 3491 916 3570 quidem
940 3507 1008 3555 non
1032 3491 1193 3572 segniter,

273 3604 399 3671 Panna.
427 3605 522 3671 Vade
547 3607 633 3686 cit0;
658 3607 739 3671 dum
763 3606 893 3671 ferrum
916 3606 1005 3670 calet
1028 3607 1220 3671 cudendum
1245 3606 1319 3671 erit.

150 3718 224 3784 970.
273 3719 417 3786 Paulum
443 3727 596 3786 moratus
621 3738 701 3786 mox
727 3723 866 3786 domum
890 3724 1076 3788 revortero.
