3270 5310
739 436 803 501 125

189 630 380 710 Aliquoties
402 630 577 696 invenitur
600 629 787 694 51000000.

181 796 250 852 Reb.
277 797 328 851 199
351 797 449 852 verbis
474 798 531 865 piis
555 799 587 852 el
613 796 757 852 bloudulr'a
781 796 828 864 (of.
848 796 940 852 Andr.
960 794 1028 858 506,
1048 795 1114 849 Laz.
1134 794 1197 859 108)
1217 794 1302 848 Asoi.
1323 792 1393 848 1703

144 895 251 949 soortis
276 893 419 950 blorululir
445 893 524 963 Hyp.
549 896 584 949 44
610 894 745 949 blaudulo
770 893 876 949 solatio
902 893 985 948 Alut.
1006 891 1059 946 279
1078 892 1148 946 vina
1168 889 1307 945 blandula
1327 890 1392 944 Lau.

147 991 229 1055 1031,
249 991 320 1046 1134
339 990 478 1058 poeulum
499 990 675 1046 blandulum.

189 1157 331 1238 Reliqua
360 1158 481 1224 adieci.
515 1159 602 1224 dem.
634 1175 722 1239 quae
753 1158 843 1240 apud
874 1157 976 1223 Mace.
1001 1156 1161 1238 leguntur
1184 1161 1267 1220 sunt
1289 1156 1391 1221 haee:

145 1274 325 1354 00010108
346 1274 430 1341 Reb.
455 1276 539 1356 689,
563 1274 752 1339 audaculae
774 1274 865 1340 Patr.
891 1274 952 1354 85,
970 1273 1155 1355 omnplldue
1170 1273 1271 1338 Asot.
1290 1272 1392 1351 1331,

146 1390 227 1455 Reb.
263 1391 346 1471 499,
381 1390 567 1455 00100000
600 1390 683 1456 Heo.
724 1392 826 1472 1928,
860 1389 1069 1469 formoaldus
1099 1388 1181 1454 Reb.
1215 1388 1297 1463 499,
1327 1388 1389 1451 551

142 1504 277 1584 furendo
312 1506 394 1572 Reb.
432 1506 516 1588 559,
551 1506 719 1587 10000100
751 1506 804 1570 ΑΙ.
838 1507 899 1588 29,
930 1506 1037 1572 Andr.
1063 1506 1146 1586 262,
1175 1502 1393 1584 0090100108

146 1620 228 1686 Hoc.
256 1622 342 1686 1136
365 1621 531 1703 upldulue
554 1622 661 1688 Andr.
689 1624 792 1703 1176,
816 1622 973 1687 levlmdue
992 1621 1083 1687 Patr.
1102 1622 1184 1701 613,
1200 1619 1392 1702 1000000οε

146 1735 228 1801 Hec.
269 1738 353 1801 1842
388 1738 536 1802 miradola
569 1738 723 1819 saepiuS,
755 1738 940 1803 rnollloulrle
963 1736 1046 1803 Reb.
1076 1737 1158 1817 113,
1183 1737 1281 1801 Asot.
1307 1736 1392 1816 283,

146 1853 264 1933 ninello
298 1851 380 1919 Reb.
417 1854 501 1934 557,
537 1853 687 1918 oberrdua
721 1854 828 1918 Andr.
865 1854 945 1934 103,
971 1853 1164 1934 primulum
1196 1850 1392 1930 aliquoties3

145 1968 281 2033 leuellua
304 1967 357 2034 Al.
386 1970 463 2049 146,
488 1969 595 2034 Andr.
622 1970 697 2035 580.

659 2473 881 2545 Blanditiae.

191 2684 286 2750 Inter
320 2685 549 2764 deminuliva,
585 2690 624 2750 ut
659 2690 756 2767 pateo
790 2704 835 2751 ex
869 2685 909 2750 iis
945 2702 1031 2765 quae
1066 2685 1281 2750 laudavimus
1313 2684 1394 2749 locis

148 2800 275 2866 multae
291 2800 474 2865 blanditiae
490 2802 712 2865 inveniuntur
728 2818 832 2881 quare
850 2802 969 2867 eodem
986 2801 1096 2882 capite
1112 2801 1196 2865 haer
1213 2800 1394 2864 traomnda

147 2914 326 2999 duximus;
350 2915 415 2979 alia
438 2915 539 2980 huius
562 2917 695 2996 generis
718 2919 802 2980 suni
824 2916 924 2981 haee:

308 3100 392 3154 Aeol.
414 3100 491 3155 1231.
526 3101 589 3155 Iam
610 3114 643 3156 eo
663 3115 740 3156 nave
757 3102 866 3170 adepta
884 3102 920 3156 ad
940 3104 1064 3155 00000

525 3198 619 3266 Mean,
639 3212 721 3253 meos
735 3198 928 3268 prueerrulon,
947 3213 1014 3253 meu
1034 3198 1128 3253 0000.

192 3344 235 3409 at
257 3345 292 3410 in
314 3346 477 3426 colloquio
502 3348 599 3413 Asot.
628 3348 713 3412 1236
737 3365 810 3428 sqq.

552 3532 645 3587 Pnnu.
682 3533 816 3588 Auiruule
835 3535 943 3602 Aeete,
962 3535 1035 3601 quin
1054 3535 1162 3588 venis?

273 3628 360 3684 Nulla
378 3629 490 3697 absque
509 3631 637 3685 tedoini
657 3630 797 3699 volupiae
814 3633 874 3699 est,
894 3645 990 3698 neque

272 3726 392 3781 sinete
409 3726 527 3795 aliquod
547 3730 594 3782 eet
613 3727 765 3783 solacium.
797 3729 897 3783 Mune.
917 3727 1006 3794 Quid,
1026 3729 1134 3796 neele,
1152 3728 1182 3782 id
1201 3728 1269 3782 est?

272 3822 312 3877 Te
331 3822 411 3879 ocello
430 3823 605 3879 iamdudum
625 3840 792 3895 moramur,
811 3826 912 3879 omnia

272 3918 352 3987 Quae
369 3920 406 3975 ad
425 3917 572 3976 Venerem
591 3922 622 3977 et
640 3924 677 3977 ad
695 3922 797 3991 gulam
816 3923 965 3986 attinent,
985 3923 1088 3990 parata
1106 3923 1189 3977 sunt.

272 4019 362 4071 Aeon.
381 4018 507 4082 Adeste,
525 4018 646 4075 deliciae
664 4034 762 4084 meae,
781 4035 798 4073 o
818 4019 988 4074 Planesium

273 4112 410 4169 Simulum
429 4129 546 4185 meum,
565 4131 726 4185 meumque
745 4117 889 4172 corculum

272 4212 484 4280 Mamaerrium.
522 4214 622 4268 ilino.
641 4214 849 4283 complectere.
887 4216 975 4270 Aaou.
995 4214 1082 4269 Facio
1102 4213 1214 4269 lubens,

184 4380 270 4433 Aaou.
290 4379 360 4435 1343
378 4395 462 4436 meae
488 4381 602 4436 Veneres
621 4383 702 4447 (lma.
723 4384 773 4437 154
799 4383 890 4438 Venus
910 4387 987 4446 meu)
1008 4382 1076 4438 1353
1096 4397 1162 4437 mea
1181 4382 1393 4452 0100101354

149 4475 219 4543 quid
238 4475 344 4546 habes,
362 4477 480 4533 areima?
500 4479 566 4535 1361
587 4482 695 4549 Aeolo,
715 4495 795 4535 arnor
813 4495 914 4544 meua,
927 4494 1029 4536 meum
1038 4479 1230 4550 rudusculum
1245 4479 1314 4534 1364
1328 4493 1394 4533 inea

147 4571 255 4639 gaudia
280 4573 328 4640 (os.
352 4575 445 4630 Andr.
470 4576 524 4631 897
549 4576 593 4631 En
612 4578 719 4645 gandia
738 4592 819 4647 mea,
838 4576 1022 4646 Hieronymo
1042 4578 1099 4632 Ion.
1118 4577 1171 4631 469
1190 4577 1248 4631 olla
1266 4578 1297 4632 et
1315 4576 1394 4631 solua

148 4682 215 4723 mea
233 4670 329 4727 unica.
