3270 5310
773 445 837 508 115

226 636 332 701 Andr.
358 637 425 701 986
449 652 522 716 sqq.
547 636 781 723 (Byrsooopus
804 637 846 701 de
871 653 978 701 uxore
1002 637 1155 702 adultera
1172 654 1299 718 poenas
1316 655 1425 719 sump-

183 754 283 816 turus
306 753 385 839 est).

422 893 537 948 Posui.
576 895 638 958 Au,
658 895 728 961 quid
748 893 888 948 oarnuiex
910 895 967 948 huo
986 894 1097 948 irruit?

270 991 364 1047 Tuam
384 991 488 1060 fidem,
508 992 550 1045 mi
569 992 629 1045 vir!
658 991 750 1045 Buas.
769 990 896 1045 Fidem?
925 990 1018 1056 Quam
1038 991 1073 1045 tu
1092 990 1202 1044 fidem?
1232 991 1301 1045 Pos.
1322 990 1402 1045 Heu!

271 1089 365 1144 Tuam
386 1088 475 1143 fidem
494 1087 627 1151 obsecro,
647 1088 779 1158 obsecro,
799 1089 871 1142 heu!
904 1088 979 1142 Bra.
1000 1086 1048 1143 Sic
1066 1087 1180 1142 discito!
1209 1088 1279 1144 Poe.
1299 1085 1378 1142 Houl

270 1186 345 1241 Bra.
365 1185 437 1240 Viro
455 1184 581 1253 obloqui.
602 1185 672 1240 Poe.
692 1182 772 1240 Heu!
801 1184 876 1240 Bur.
895 1185 968 1240 Cum
990 1185 1120 1241 sacrifico
1139 1186 1322 1240 moecharier

272 1280 320 1337 Sic
337 1280 453 1337 discito!
484 1283 553 1338 Poe.
574 1282 640 1338 Heu
662 1283 877 1337 miserrimam!
906 1283 981 1338 Bra.
1001 1282 1049 1338 Sic
1066 1283 1181 1337 discito!
1210 1282 1279 1338 Pon.
1299 1280 1379 1337 Heu!

270 1378 345 1433 Bra.
366 1380 411 1433 lie
430 1378 538 1434 ludere.
570 1380 640 1434 Poe.
660 1379 741 1435 Heu!
775 1380 849 1434 Bra.
870 1380 924 1434 Per
944 1378 1081 1435 linteum.
1113 1380 1183 1435 Pon.
1203 1378 1284 1435 Heu!

680 1478 757 1532 Bru.
777 1478 832 1532 Per
852 1478 999 1544 hyd1iam.
1030 1479 1100 1532 Pon.
1120 1475 1198 1533 Heu!

271 1575 346 1630 Bra.
366 1573 414 1630 Sic
433 1588 482 1629 me
500 1574 633 1630 semente
652 1578 683 1629 et
703 1575 800 1629 bibero
819 1576 850 1630 et
869 1588 934 1629 esse
953 1574 1069 1630 discito!
1086 1579 1105 1637 ¹)

651 2061 859 2126 CAPUT
898 2062 959 2127 XI.

437 2284 499 2361 De
538 2283 821 2361 Demlnutlvls
860 2285 904 2361 et
942 2283 1173 2361 Blanditiis,

228 2517 456 2583 Dominutivis
480 2517 713 2598 Maeropedius
737 2522 776 2582 ut
800 2518 958 2597 aequales
982 2518 1055 2582 eius
1078 2516 1277 2599 saepissime
1301 2518 1427 2598 utitur,

184 2651 273 2715 quae
292 2634 503 2699 cousuetudo
519 2651 563 2698 ex
580 2634 653 2698 vit-a
670 2633 865 2712 quotidiana
881 2637 1019 2714 sumpta
1035 2632 1123 2714 apud
1142 2635 1279 2697 veteres
1296 2650 1428 2712 quoque

185 2751 347 2830 comicos,
382 2750 543 2814 Plautum
578 2749 796 2830 praesertim,
833 2752 985 2829 apparet.
1040 2749 1167 2813 Poetae
1202 2751 1336 2827 autem,
1373 2749 1428 2827 qui

184 2868 263 2946 post·
285 2866 403 2930 literas
426 2870 565 2930 renatas
589 2865 780 2929 comoedias
803 2865 1015 2945 seripserunt
1037 2864 1186 2944 plerique
1211 2864 1430 2928 deminutivis

182 2982 361 3047 abundant
384 2985 419 3046 et
442 2980 552 3046 muita
575 2984 743 3062 usurpant
767 2997 853 3059 quae
878 2980 967 3061 apud
991 2981 1150 3059 antiquos
1174 2996 1240 3043 uon
1260 2980 1428 3060 leguntur.

185 3097 348 3177 Antiquis
369 3097 438 3162 iam
461 3097 671 3178 temporibus
694 3096 907 3160 deminutiva
929 3096 1037 3159 multo
1060 3095 1197 3176 saepius
1220 3095 1254 3158 in
1272 3112 1429 3160 sermone

190 3213 385 3292 quotidiano
420 3229 523 3292 quam
557 3213 591 3276 in
626 3212 831 3292 scriptorum
863 3211 1019 3292 operibus
1051 3211 1200 3275 adhiberi
1231 3210 1331 3274 solita
1354 3227 1430 3275 esse

181 3332 338 3394 statuere
362 3329 457 3409 iicet;
482 3346 501 3393 e
526 3328 647 3408 quibus
671 3327 832 3392 nonnulla
856 3330 928 3391 tam
952 3328 1082 3391 usitata
1104 3327 1196 3391 faeta
1219 3329 1357 3390 11111111Ι
1373 3343 1429 3406 ea,

182 3462 204 3509 a
227 3445 350 3525 quibus
373 3444 528 3508 derivata
551 3445 622 3508 sint
645 3443 809 3507 voeabula
833 3460 971 3524 prorsus
995 3460 1040 3507 ex
1056 3442 1231 3506 hominum
1247 3459 1312 3506 usu
1328 3458 1430 3522 expu-

186 3560 296 3626 lerint.
345 3559 438 3639 Quae
474 3560 685 3624 consuetudo
719 3560 823 3623 etiam
858 3560 966 3623 nostri
1002 3558 1211 3639 temporibus
1242 3558 1429 3622 obtinuisse

182 3677 334 3757 videtur;
359 3676 447 3757 apud
473 3675 722 3756 Macropedium
740 3678 831 3739 certo
848 3675 1069 3738 inveniuntur
1085 3672 1268 3754 permulta,
1286 3689 1430 3752 quorum

183 3792 217 3856 in
252 3809 395 3856 numero
430 3809 497 3856 non
533 3809 642 3872 pauca
672 3794 755 3855 sunt
785 3808 872 3871 quae
904 3791 992 3871 apud
1025 3793 1161 3854 veteres
1184 3805 1252 3851 non
1277 3788 1428 3869 legimus.

184 3906 280 3972 Haeo
314 3910 432 3972 autem
467 3907 631 3972 vocabula
666 3924 734 3970 non
770 3907 879 3971 solum
914 3907 984 3971 vim
1020 3904 1151 3985 proprie
1183 3903 1430 3967 deminutivum

184 4023 331 4104 habent,
355 4024 414 4087 sed
440 4023 544 4087 etiam
568 4024 680 4087 varios
704 4022 849 4087 affectus
873 4022 1103 4102 significantes
1127 4020 1281 4083 diversos
1302 4019 1430 4083 colores

183 4139 332 4203 sermoni
356 4139 496 4203 addunt.
545 4140 595 4203 Ao
619 4139 765 4219 primum
790 4138 925 4217 quidem
949 4137 1077 4201 habent
1096 4136 1242 4199 alacrem
1258 4134 1428 4215 quandam

184 4257 222 4318 et
244 4254 427 4320 iucundam
451 4255 673 4333 hilaritatem,
698 4257 734 4317 et
758 4271 860 4334 saepe
884 4253 1022 4317 suntin
1048 4269 1105 4315 ore
1122 4268 1238 4315 eorum
1255 4249 1430 4313 hominum

184 4371 241 4450 qui
269 4370 365 4435 bonis
389 4387 474 4451 quas
498 4371 569 4435 vita
595 4372 735 4451 praebet
758 4371 859 4434 robus
884 4369 962 4433 laet-i
987 4369 1158 4447 fruuntur,
1182 4366 1253 4430 suis
1278 4365 1429 4430 contenti

223 4672 242 4732 ¹)
261 4669 328 4724 Alia
346 4668 483 4738 exempla
502 4670 635 4723 citantur
653 4670 719 4735 Gap.
740 4668 809 4722 XII.
