3270 5310
792 412 830 476 11

322 606 365 661 30.
403 604 514 674 Populo
532 604 616 660 dabit
634 604 799 660 fidentiam.
835 605 866 660 Si
886 605 951 661 eius
970 619 1086 674 quoque

402 701 558 770 Spectator
575 702 671 770 adsis,
690 716 751 756 non
770 702 858 757 modo
877 701 1085 770 oblectaberis,

404 799 461 854 Sed
479 799 511 853 et
529 799 652 868 optimis
670 799 838 868 quibusque
858 800 953 854 vitam
973 798 1107 854 moribus

403 896 570 951 Ornaverls.
608 895 682 963 Quid
700 897 782 951 enim
802 910 854 965 per
872 895 1057 952 immortalia

403 991 511 1047 Divina
530 992 671 1061 numina,
689 992 794 1060 ecquid
813 994 862 1047 est
879 992 1050 1057 Comoedia,

323 1089 365 1144 35.
403 1088 468 1145 Nisi
488 1090 584 1145 totius
601 1089 684 1145 vitae
702 1089 862 1145 hominum
881 1093 913 1145 et
930 1089 1132 1145 clarissimum

402 1186 563 1256 Speculum
581 1188 613 1242 et
631 1187 727 1255 figura
745 1186 954 1257 amplissima?
973 1189 1006 1242 in
1024 1201 1083 1255 quo
1102 1186 1173 1255 quid
1191 1185 1245 1242 tibi

403 1284 569 1340 vitandum
587 1285 646 1340 erit
664 1284 710 1340 vel
729 1286 934 1355 mtitandum,
953 1284 1062 1340 clarius

404 1383 531 1438 Lumine
549 1382 663 1438 videbis
681 1385 772 1451 atque
790 1381 1049 1451 contemplaberis.

401 1478 543 1535 Facessat
562 1479 662 1534 omnis
679 1481 794 1550 itaque,
814 1481 864 1549 qui
883 1479 1056 1535 Comoedias

322 1577 365 1631 40.
401 1575 657 1646 Obscoenitatem,
678 1579 710 1631 et
728 1577 839 1632 comico
857 1578 913 1631 aut
930 1576 1042 1644 tragico
1060 1576 1142 1631 actui

404 1674 572 1729 levitatem
591 1677 623 1730 et
641 1674 861 1741 impudentiam
880 1672 1013 1740 improbe
1032 1672 1141 1728 obiicit.

404 1771 481 1825 Nam
500 1773 535 1826 ut
554 1771 704 1840 impudico
724 1771 766 1825 nil
786 1770 926 1838 pudicum
945 1771 1074 1826 dicimus

404 1868 452 1923 Ita
470 1869 502 1922 et
521 1869 625 1936 pudico
643 1881 709 1923 esee
728 1868 912 1935 impudicum
934 1866 975 1922 nil
995 1868 1103 1935 potest.

404 1965 646 2034 Quandoquidem
666 1967 698 2021 in
717 1966 772 2021 hoc
791 1967 872 2021 certo
891 1967 994 2034 poetae
1013 1964 1187 2032 scriptitant

323 2064 367 2117 45.
403 2062 448 2117 Ut
467 2063 514 2117 vel
533 2063 658 2131 probum
678 2065 848 2134 instruant,
867 2064 915 2119 vel
933 2063 1103 2132 improbum
1122 2061 1260 2130 arguant.

405 2160 510 2228 Itaque
530 2162 588 2214 mei
607 2161 829 2217 commilitones
847 2161 979 2230 candidi,

404 2258 540 2325 Excipite
559 2260 633 2315 totis
652 2260 802 2314 mentium
821 2260 912 2327 atque
930 2272 1086 2326 corporum

404 2355 614 2423 complexibus
633 2358 760 2425 quodam
780 2370 909 2427 superno
928 2357 1054 2410 numine

404 2453 494 2507 Vobis
514 2454 614 2508 datam
635 2453 838 2523 Comoediam,
858 2468 916 2521 qua
935 2453 977 2507 nil
997 2443 1099 2521 prius,¹

324 2551 367 2606 50.
404 2550 452 2604 Nil
472 2551 595 2621 laetius,
614 2551 656 2605 nil
675 2551 847 2620 gloriosius,
868 2551 944 2605 nibil

405 2648 525 2716 Quoque
543 2649 638 2703 ditius
657 2650 760 2703 coetus
780 2648 986 2704 Libethridum
1006 2648 1139 2703 tradidit.

235 2850 307 2913 lain
331 2851 533 2932 Macropedii
557 2852 689 2916 fabulas
710 2869 750 2917 eo
767 2869 833 2932 quo
849 2853 960 2917 editae
978 2856 1060 2916 sunt
1077 2851 1103 2940 ¹)
1119 2851 1234 2915 ordine
1251 2848 1435 2914 rosensebo

191 2970 227 3030 et
249 2966 439 3031 adscribam
464 2972 675 3048 argumenta.
722 2970 774 3032 Ac
798 2969 906 3049 prima
930 2968 1066 3048 quidem
1089 2970 1162 3031 est:

228 3162 370 3215 Asotus
407 3161 676 3229 arengalium,
713 3176 779 3217 sou
818 3162 1049 3230 Euangeliou
1082 3161 1123 3215 de
1158 3158 1243 3214 filio
1279 3158 1436 3227 prodigo
1501 3130 1504 3137 .

192 3257 378 3324 parabola.

690 3419 920 3487 Argumentum.

441 3568 521 3623 Duos
540 3571 624 3636 pater
643 3569 772 3624 familiae
792 3569 920 3624 habebat
939 3568 1016 3623 filios

441 3665 571 3731 Quorum
591 3667 711 3734 quidem
731 3667 830 3722 senior
849 3682 906 3735 quo
925 3670 991 3721 erat
1009 3664 1150 3734 frugalior

443 3761 505 3817 Hoc
522 3763 622 3818 iunior
640 3778 739 3818 rerum
760 3764 818 3818 luit
837 3764 990 3834 profusior.

442 3860 472 3914 Is
490 3861 693 3929 deprehensus
711 3877 779 3917 cum
799 3862 942 3938 improbis
959 3861 1123 3929 graecaner

380 3960 404 4012 b.
442 3962 469 4013 A
488 3959 579 4013 fratre
599 3960 745 4028 primum,
764 3975 781 4014 a
801 3961 884 4027 patre
902 3960 1008 4014 deinde
1026 3961 1166 4028 carpitur.

441 4055 541 4110 Plexis
561 4057 683 4124 proinde
702 4056 852 4111 sodalibus
871 4059 987 4124 patrem
1008 4058 1099 4126 petit,

442 4153 515 4208 Rom
535 4153 745 4209 hereditariam
764 4155 879 4222 accipit.
918 4155 1016 4223 longe
1034 4155 1067 4209 in
1087 4155 1189 4210 Asiam

439 4251 660 4306 Comitantibus
678 4253 785 4307 scortis
803 4253 918 4307 duobus
938 4254 1069 4321 navigat.

440 4349 594 4403 Scortatur
613 4348 700 4413 inibi,
721 4365 842 4418 remque
864 4352 961 4418 perdit
981 4351 1109 4418 pessime

231 4656 251 4714 Ι)
270 4653 374 4708 Varias
392 4655 537 4709 aditiones
557 4655 623 4710 vide
641 4656 718 4721 apud
737 4655 861 4725 Jacoby,
880 4656 977 4722 Progr.
999 4668 1025 4720 p.
1046 4656 1159 4709 13-15.
