3270 5310
792 352 835 416 24

189 548 226 607 et
261 543 340 607 iocis
376 560 478 622 quam
513 548 678 624 perpetua
713 544 861 623 quadam
895 543 1066 609 hilaritate
1098 546 1216 624 captat
1246 547 1283 610 et
1307 544 1452 610 detinet

189 659 360 723 lectorem.
409 657 548 723 Habent
570 659 706 739 quidem
730 658 794 723 hae
818 658 951 724 fabulae
976 675 1098 724 versus
1121 659 1207 724 satis
1231 659 1362 724 multos
1388 662 1448 741 qui

193 774 344 838 duriores
379 778 415 839 et
449 775 562 839 minus
597 775 772 855 elegantes
802 791 838 839 a.
853 775 969 839 multis
997 775 1119 839 merito
1142 774 1356 845 iudicentur.
1382 776 1450 841 sed

190 891 309 972 plenae
341 894 423 955 sunt
455 890 640 955 alacritatis
669 893 706 954 et
729 890 861 955 virium.
912 890 1057 955 Fabulae
1081 906 1200 955 sacrae
1223 906 1329 972 vero,
1355 908 1449 972 quos

190 1009 262 1088 ipse
301 1007 419 1087 „paulo
451 1006 631 1071 cultiores'’
665 1014 784 1087 vocat,
817 1005 962 1071 leviores
990 1005 1127 1085 quidem
1149 1008 1233 1070 sunt
1255 1008 1292 1070 et
1315 1023 1450 1086 aequa-

188 1123 288 1188 bilius
319 1122 448 1198 fluunt,
480 1121 541 1186 sed
572 1123 686 1185 minus
716 1122 845 1186 habent
868 1138 1054 1187 nervorum
1077 1121 1261 1202 multisque
1285 1123 1450 1202 partibus

188 1239 354 1319 languent
388 1242 526 1319 propter
561 1237 678 1318 longas
709 1237 751 1301 de
782 1238 889 1301 sacris
922 1237 1100 1318 scripturis
1131 1235 1385 1318 disputationes
1412 1243 1451 1304 et

191 1355 424 1436 symbolomm
460 1354 720 1436 explicationes,
755 1355 790 1418 in
825 1355 948 1435 quibus
980 1353 1214 1435 Macropedius
1244 1354 1357 1434 magis
1387 1364 1448 1421 rba

192 1473 411 1556 κατηχίζοντα
436 1472 506 1551 agit
530 1487 633 1551 quam
656 1473 804 1551 poetam.
853 1471 1012 1535 Fortasse
1030 1469 1222 1536 comoedias
1237 1487 1320 1535 suas
1333 1470 1449 1551 magis

189 1586 413 1667 expolivisset
447 1587 475 1650 si
510 1586 585 1666 plus
620 1586 783 1667 temporis
817 1587 850 1650 in
886 1587 926 1650 iis
963 1584 1204 1667 componendis
1240 1601 1449 1651 consumere

193 1702 380 1783 potuisset;
405 1702 465 1767 sed
490 1702 593 1766 variis
616 1702 827 1767 scholasticis
851 1703 995 1781 negotiis
1019 1705 1056 1766 et
1071 1702 1160 1766 curis
1177 1701 1335 1766 districto
1351 1701 1450 1767 horis

189 1821 326 1883 tantum
361 1819 540 1884 subcisivis
575 1819 651 1883 huic
685 1819 799 1883 studio
830 1835 953 1883 vacare
983 1819 1013 1882 ei
1037 1819 1130 1883 licuit
1148 1816 1184 1903 ¹).
1231 1817 1340 1897 Hinc,
1366 1835 1449 1883 cum

220 2205 299 2261 1710.
337 2205 384 2260 Ad
403 2218 487 2274 opes,
506 2203 692 2271 voluptatem
711 2206 801 2270 atque
820 2203 945 2269 gloriam
966 2202 1040 2256 nihil

335 2293 548 2349 conduxerint.
568 2295 658 2348 Acon.
688 2292 799 2346 Vermn
819 2291 1005 2346 adsalutem
1026 2291 1196 2357 plurimum.

337 2381 541 2437 Nihilominus
561 2396 649 2450 quem
669 2382 704 2435 tu
723 2381 828 2435 rudem
846 2394 879 2434 ac
899 2379 1022 2434 bardum
1042 2394 1144 2445 vocas,

339 2471 447 2526 Latum
467 2472 555 2540 (quod
575 2470 673 2534 aiunt)
692 2468 857 2524 culmulum
879 2468 957 2522 haud
977 2467 1031 2522 tibi
1051 2467 1188 2536 cesserit,

338 2562 422 2615 Modo
440 2560 557 2614 auferas
577 2561 645 2614 tuos
664 2561 750 2613 loves
771 2561 816 2613 ter
835 2560 1000 2626 maximos,

224 2651 302 2705 1715.
339 2649 513 2716 Appollines
531 2652 562 2703 et
581 2649 737 2718 Hercules,
757 2663 790 2703 ac
808 2649 838 2702 id
857 2661 953 2716 genus

339 2739 401 2794 Tua
421 2738 509 2793 verba
528 2736 759 2806 sesquipedalia,
777 2737 925 2805 ampullas
945 2737 1013 2790 tuas

338 2827 478 2882 Phaleras
497 2828 581 2895 tuas,
600 2826 682 2883 fucos
701 2827 784 2894 tuos,
804 2840 879 2894 quae
903 2825 1017 2892 puritas

337 2916 488 2972 Orationis
508 2917 641 2984 propriae
661 2929 720 2969 non
740 2915 843 2983 exigit.

339 3006 490 3072 Quantum
511 3005 594 3060 licuit
613 3007 643 3060 et
663 3019 711 3059 res
731 3005 879 3072 poposcit,
899 3002 1009 3057 litteris

225 3095 301 3149 1220.
338 3093 464 3161 Operam
483 3094 549 3148 dedi
569 3094 768 3162 politioribus,
787 3094 838 3147 sed
859 3094 894 3146 ut

340 3183 408 3238 Vidi
429 3184 506 3251 quod
525 3183 561 3236 ad
581 3197 682 3237 veram
703 3181 831 3236 salutem
852 3181 1028 3248 neutiquam

339 3273 408 3328 Sine
429 3274 539 3339 pietate
559 3286 628 3340 erga
648 3272 742 3326 Deum
762 3271 975 3325 conduceretur

340 3362 412 3416 Vale
431 3362 493 3416 dixi
514 3363 571 3431 eia,
590 3361 667 3428 quod
687 3362 776 3415 inane
795 3360 836 3413 sit
855 3358 1044 3425 stultumque
1063 3356 1104 3411 sit

340 3451 382 3506 lis
401 3465 610 3506 consenescere
628 3451 659 3503 et
679 3449 807 3502 immori.
827 3448 913 3501 Pam.
943 3447 1084 3514 Loqueris
1104 3445 1190 3512 probe

228 3541 305 3595 1725.
343 3540 494 3608 Mentique
513 3543 727 3605 consentanea,
747 3540 778 3591 et
797 3536 981 3591 consentiam

340 3629 403 3684 Nisi
425 3628 623 3696 antiphonae,
644 3627 766 3695 hymni,
787 3638 945 3692 precesque
964 3624 1096 3677 caeterae

341 3717 413 3772 Tam
433 3717 548 3772 insulsa
567 3717 630 3770 sint
649 3716 680 3769 et
699 3715 835 3780 barbara,
856 3714 891 3768 ut
911 3712 985 3766 mihi
1006 3725 1148 3766 nauseam

341 3808 468 3863 canusa
487 3809 625 3873 pareant,
644 3806 734 3873 atque
753 3805 849 3858 doctis
868 3803 1022 3869 sordeant,

341 3899 430 3952 Acon.
459 3895 496 3949 m
514 3910 568 3964 ego
588 3896 706 3962 quidem
728 3893 870 3948 nonnulla
890 3893 1006 3959 cupiam
1027 3889 1135 3944 salsius

228 3986 304 4041 1730.
344 3986 480 4041 Latinius
499 3985 732 4052 concinniusque
752 3983 881 4050 prodita;

342 4075 455 4130 Verum
476 4073 530 4129 sub
549 4075 588 4128 iis
608 4073 654 4140 (ut
674 4073 727 4127 tibi
749 4071 900 4136 videntur)
919 4068 1056 4124 sordibus

343 4165 403 4232 Ego
422 4163 589 4231 simplicem
611 4164 752 4229 pietatem
775 4162 901 4226 honoro,
921 4172 1060 4225 veneror,
1079 4158 1169 4223 atque

344 4252 520 4322 Exosculor,
540 4266 629 4320 quam
650 4266 703 4306 nec
722 4251 869 4319 soloecus,
889 4263 941 4303 nec
960 4247 1059 4315 aliqua

342 4343 581 4411 inconcinnitas,
602 4355 654 4395 nec
673 4340 876 4394 barbarismus
895 4337 1042 4403 sordidat,

228 4432 305 4487 1735.
344 4431 437 4498 Quam
457 4432 488 4485 et
507 4432 571 4497 ipsa
590 4430 732 4484 honestat
751 4428 852 4495 lingua
872 4426 947 4480 mihi
967 4423 1132 4479 vernacula.

238 4521 259 4587 ¹)
278 4519 424 4575 Praefatio
452 4520 483 4573 in
512 4519 651 4574 Alutam:
675 4518 705 4573 Si
726 4519 796 4571 haec
816 4517 953 4570 rideatur
973 4514 1118 4580 plerisque
1137 4512 1169 4565 in
1189 4509 1259 4564 locis
1279 4506 1379 4563 hiulca
1398 4512 1454 4564 aut

200 4611 302 4664 miuus
331 4608 493 4677 elaborata,
523 4622 582 4662 non
611 4608 743 4671 mireris,
771 4606 892 4661 candide
913 4604 1017 4666 lector,
1037 4602 1114 4670 quod
1133 4601 1166 4654 in
1184 4597 1287 4654 diebus
1306 4599 1454 4665 quattuor
