3270 5310
755 384 798 449 53

150 575 286 641 differat
307 575 343 662 ¹).
390 575 641 657 Macropedium
671 577 784 658 ipsum
814 577 850 641 in
880 577 933 642 his
966 578 1176 660 temporibus
1203 579 1401 645 adhibendis

151 691 281 756 nullum
304 690 485 756 discrimen
508 691 631 757 iecisse
654 695 752 773 patet
775 693 880 757 etiam
904 710 948 759 ex
964 694 1037 759 loco
1053 694 1172 759 Lazari
1189 694 1245 759 ubi
1262 695 1400 761 Davidis

150 807 304 888 psalmus
338 807 382 871 85
416 809 528 872 metro
562 807 736 889 glyconico
771 808 933 873 redditur.
980 808 1130 890 Vulgata
1161 810 1245 875 haec
1278 810 1398 876 habet:

149 926 288 1007 (versus
315 922 370 1008 12)
404 921 618 1007 „confitebor
650 923 709 988 tibi
739 922 881 989 Domine
904 924 997 989 Deus
1020 942 1120 989 meus
1142 925 1177 989 in
1200 928 1275 990 toto
1300 927 1398 992 corde

149 1054 243 1120 meo,
267 1040 304 1103 et
327 1037 518 1119 glorificabo
541 1054 667 1103 nomen
691 1042 791 1104 tuum
813 1039 848 1103 in
864 1040 1075 1106 aeternum't
1101 1038 1193 1120 Quae
1209 1041 1399 1107 redduntur

148 1154 183 1218 in
206 1154 297 1219 hunc
320 1154 459 1218 modum
483 1154 560 1219 Laz.
587 1155 661 1219 468.

575 1294 649 1350 Toto
668 1296 701 1350 in
721 1297 807 1351 cordo
827 1310 892 1351 meo
911 1296 990 1351 Deus

576 1393 659 1447 Meus
678 1394 708 1447 te
727 1392 912 1463 celebravere,

575 1491 675 1557 Atque
693 1489 887 1559 plorificuocro

573 1586 691 1642 Nomen
711 1587 853 1655 perpetuo
872 1588 970 1644 tuum.

193 1708 424 1775 statuendum
448 1727 527 1790 ergo
552 1710 689 1775 videtur
713 1710 963 1793 Macropedium
988 1712 1051 1776 fut.
1069 1715 1180 1779 exact.
1198 1713 1396 1795 plerumque

147 1828 329 1906 propterea
351 1828 489 1890 tantum
513 1825 603 1905 quod
626 1828 738 1891 metro
762 1826 1016 1892 accomodatius
1039 1831 1134 1892 esset
1156 1831 1193 1892 et
1212 1828 1395 1909 pleniorem

148 1942 328 2022 praeberet
350 1957 473 2006 sonum
497 1941 710 2022 praetulisse.

347 2290 380 2360 8.
415 2290 470 2359 De
495 2290 732 2378 imperativis
756 2291 792 2359 ln
816 2332 859 2340 —
883 2294 924 2361 to
948 2293 1190 2362 exeuntibus.

190 2484 393 2567 Macropedii
424 2501 537 2550 sermo
567 2486 600 2549 in
632 2486 697 2551 hoc
728 2502 862 2566 quoque
893 2503 971 2550 cum
1004 2490 1160 2551 veterum
1188 2488 1393 2553 comicorum

145 2600 393 2667 consuetudine
425 2601 581 2682 congruit
611 2602 699 2682 quod
732 2602 861 2668 Futuro
892 2601 1089 2683 imperativi
1120 2603 1241 2668 eadem
1268 2603 1394 2683 signifi-

144 2717 278 2781 catione
324 2720 429 2797 atque
472 2717 651 2782 Praesenti
696 2718 805 2782 utitur
847 2720 883 2782 et
925 2735 1170 2798 nonnunquam
1208 2721 1392 2799 utrumque

143 2831 318 2913 coniungit
333 2830 370 2921 ²).

189 2946 238 3012 De
262 2947 507 3029 significatione
530 2952 629 3030 patet
652 2965 696 3013 err
719 2949 801 3015 locis
825 2949 933 3028 qualis
957 2953 1011 3014 est
1035 2948 1126 3015 Petr.
1153 2950 1217 3014 798

552 3090 638 3145 Nunc
656 3092 722 3146 sine
741 3104 824 3145 mora
842 3090 971 3146 accedito.

189 3238 382 3320 Utrumque
406 3241 546 3321 tempus
569 3239 789 3304 coniunctum
814 3240 971 3305 videmus
993 3239 1084 3305 Petr.
1110 3241 1154 3304 68

868 3383 983 3451 pareto,
1003 3380 1058 3435 abi.

265 3507 350 3560 Asot.
371 3504 450 3559 1011.
487 3505 652 3560 Lasciviam
671 3504 738 3574 supe
756 3505 788 3559 et
806 3505 919 3574 otium,
938 3506 1036 3558 curato
1055 3518 1117 3558 reru

485 3601 702 3671 Domesticam‚
721 3601 807 3657 fratri
826 3601 892 3656 adea
910 3602 942 3655 in
960 3615 1046 3670 agro,
1065 3601 1096 3655 in
1116 3601 1211 3655 vinea.

276 3725 369 3781 Andr.
389 3725 451 3782 717.
702 3726 796 3780 Meam
817 3738 952 3794 reposco,
970 3724 1093 3794 reddito,
1112 3725 1165 3779 aut

485 3822 578 3878 Prodi
595 3820 674 3877 foras
692 3824 724 3877 61
741 3822 825 3876 redde
843 3822 1006 3891 rationem,
1025 3821 1095 3890 quid
1114 3821 1192 3876 hanc

486 3920 549 3975 Tibi
568 3920 715 3975 vendices.

180 4184 325 4253 ι)81111116
349 4184 492 4240 iudicium
517 4185 553 4239 da
575 4186 712 4239 veterum
731 4184 911 4238 comicorum
933 4197 990 4237 usu
1009 4180 1081 4236 tulit
1099 4180 1265 4248 Madvigius
1284 4179 1321 4232 l.l.
1343 4192 1389 4246 pg.

138 4272 185 4331 98.
216 4273 335 4344 „neque
362 4274 464 4341 negari
483 4272 544 4328 ullo
564 4274 650 4328 modo
671 4272 785 4342 potest,
804 4272 951 4340 separatis
970 4272 1007 4325 iis
1026 4283 1100 4340 quos
1120 4270 1204 4337 posui
1224 4267 1296 4322 locis
1314 4267 1346 4321 et
1364 4268 1389 4320 si

140 4362 193 4431 qui
220 4361 336 4417 similes
362 4362 452 4429 sunt,
478 4375 623 4429 magnum
652 4361 757 4415 tamen
784 4360 912 4428 relinqui
941 4373 1100 4414 numerum
1129 4357 1206 4424 apud
1232 4354 1389 4417 Plautum,

139 4449 303 4506 nonnullos
329 4452 407 4520 apud
429 4450 617 4518 Terentium,
643 4450 675 4503 in
701 4449 808 4516 quibus
834 4448 951 4503 nullum
972 4460 1092 4513 prorsus
1110 4446 1271 4500 discrimen
1291 4443 1389 4497 utrius

139 4552 198 4608 que
216 4538 311 4595 futuri
328 4540 496 4609 appaream

177 4626 261 4692 ι1111
279 4627 377 4685 Plauti
396 4628 428 4684 et
446 4628 510 4684 Tor.
529 4643 588 4683 usu
605 4629 673 4683 vide
692 4628 803 4682 Lorenz
822 4627 859 4681 ad
877 4627 963 4680 Most.
983 4625 1043 4681 407.
