<?xml version="1.0" encoding="UTF-8"?>
<!DOCTYPE html PUBLIC "-//W3C//DTD XHTML 1.0 Transitional//EN"
    "http://www.w3.org/TR/xhtml1/DTD/xhtml1-transitional.dtd">
<html xmlns="http://www.w3.org/1999/xhtml" xml:lang="en" lang="en">
 <head>
  <title>
</title>
<meta http-equiv="Content-Type" content="text/html;charset=utf-8" />
  <meta name='ocr-system' content='tesseract 3.04.00' />
  <meta name='ocr-capabilities' content='ocr_page ocr_carea ocr_par ocr_line ocrx_word'/>
</head>
<body>
  <div class='ocr_page' id='page_1' title='image "./dedictionegeorg00macrgoog_0048.png"; bbox 0 0 3270 5310; ppageno 0'>
   <div class='ocr_carea' id='block_1_1' title="bbox 731 407 775 471">
    <p class='ocr_par' dir='ltr' id='par_1_1' title="bbox 731 407 775 471">
     <span class='ocr_line' id='line_1_1' title="bbox 731 407 775 471; baseline 0.045 -2"><span class='ocrx_word' id='word_1_1' title='bbox 731 407 775 471; x_wconf 79' lang='lat'>29</span> 
     </span>
    </p>
   </div>
   <div class='ocr_carea' id='block_1_2' title="bbox 120 595 1380 3873">
    <p class='ocr_par' dir='ltr' id='par_1_2' title="bbox 120 595 1380 3873">
     <span class='ocr_line' id='line_1_2' title="bbox 126 595 1339 663; baseline -0.001 -8"><span class='ocrx_word' id='word_1_2' title='bbox 126 599 182 655; x_wconf 77' lang='lat' dir='ltr'>Abi</span> <span class='ocrx_word' id='word_1_3' title='bbox 210 601 276 655; x_wconf 85' lang='lat' dir='ltr'>rusi</span> <span class='ocrx_word' id='word_1_4' title='bbox 302 598 349 653; x_wconf 85' lang='lat' dir='ltr'>abi</span> <span class='ocrx_word' id='word_1_5' title='bbox 375 599 445 654; x_wconf 89' lang='lat' dir='ltr'>hinc</span> <span class='ocrx_word' id='word_1_6' title='bbox 463 599 589 663; x_wconf 90' lang='lat' dir='ltr'>directe,</span> <span class='ocrx_word' id='word_1_7' title='bbox 608 598 731 654; x_wconf 79' lang='lat' dir='ltr'>abscede</span> <span class='ocrx_word' id='word_1_8' title='bbox 774 595 846 662; x_wconf 83' lang='lat' dir='ltr'>Abi,</span> <span class='ocrx_word' id='word_1_9' title='bbox 865 597 980 663; x_wconf 81' lang='lat' dir='ltr'>frutex,</span> <span class='ocrx_word' id='word_1_10' title='bbox 998 598 1060 663; x_wconf 88' lang='lat' dir='ltr'>abi,</span> <span class='ocrx_word' id='word_1_11' title='bbox 1080 599 1217 654; x_wconf 81' lang='lat' dir='ltr'>recedes</span> <span class='ocrx_word' id='word_1_12' title='bbox 1236 600 1339 654; x_wconf 86' lang='lat' dir='ltr'>ianuai</span> 
     </span>
     <span class='ocr_line' id='line_1_3' title="bbox 535 695 1325 752; baseline 0.001 -3"><span class='ocrx_word' id='word_1_13' title='bbox 535 695 572 750; x_wconf 88' lang='lat' dir='ltr'>ab</span> <span class='ocrx_word' id='word_1_14' title='bbox 590 696 694 750; x_wconf 80' lang='lat' dir='ltr'>ianua!</span> <span class='ocrx_word' id='word_1_15' title='bbox 1112 696 1221 752; x_wconf 83' lang='lat' dir='ltr'>Gourr.</span> <span class='ocrx_word' id='word_1_16' title='bbox 1242 696 1325 752; x_wconf 87' lang='lat' dir='ltr'>Heui</span> 
     </span>
     <span class='ocr_line' id='line_1_4' title="bbox 125 792 1380 863; baseline -0.002 -14"><span class='ocrx_word' id='word_1_17' title='bbox 125 793 225 850; x_wconf 75' lang='lat' dir='ltr'>uena.</span> <span class='ocrx_word' id='word_1_18' title='bbox 245 794 335 858; x_wconf 90' lang='lat' dir='ltr'>Perii,</span> <span class='ocrx_word' id='word_1_19' title='bbox 355 807 429 862; x_wconf 89' lang='lat' dir='ltr'>quor</span> <span class='ocrx_word' id='word_1_20' title='bbox 449 807 497 848; x_wconf 90' lang='lat' dir='ltr'>me</span> <span class='ocrx_word' id='word_1_21' title='bbox 517 792 677 847; x_wconf 78' lang='lat' dir='ltr'>verberas?</span> <span class='ocrx_word' id='word_1_22' title='bbox 773 792 845 848; x_wconf 80' lang='lat' dir='ltr'>Gon.</span> <span class='ocrx_word' id='word_1_23' title='bbox 865 792 993 847; x_wconf 86' lang='lat' dir='ltr'>Hoccine</span> <span class='ocrx_word' id='word_1_24' title='bbox 1012 792 1152 848; x_wconf 87' lang='lat' dir='ltr'>volebas?</span> <span class='ocrx_word' id='word_1_25' title='bbox 1170 793 1279 849; x_wconf 77' lang='lat' dir='ltr'>Coum.</span> <span class='ocrx_word' id='word_1_26' title='bbox 1300 793 1380 863; x_wconf 87' lang='lat' dir='ltr'>Heu,</span> 
     </span>
     <span class='ocr_line' id='line_1_5' title="bbox 983 889 1344 957; baseline 0 -13"><span class='ocrx_word' id='word_1_27' title='bbox 983 890 1070 957; x_wconf 80' lang='lat' dir='ltr'>periit</span> <span class='ocrx_word' id='word_1_28' title='bbox 1091 889 1165 957; x_wconf 83' lang='lat' dir='ltr'>Quid</span> <span class='ocrx_word' id='word_1_29' title='bbox 1184 891 1344 945; x_wconf 77' lang='lat' dir='ltr'>verberas?</span> 
     </span>
     <span class='ocr_line' id='line_1_6' title="bbox 125 988 442 1055; baseline 0 -12"><span class='ocrx_word' id='word_1_30' title='bbox 125 988 220 1043; x_wconf 75' lang='lat' dir='ltr'>Tala.</span> <span class='ocrx_word' id='word_1_31' title='bbox 241 988 314 1055; x_wconf 83' lang='lat' dir='ltr'>Quia</span> <span class='ocrx_word' id='word_1_32' title='bbox 333 990 368 1043; x_wconf 87' lang='lat' dir='ltr'>tu</span> <span class='ocrx_word' id='word_1_33' title='bbox 386 988 442 1043; x_wconf 87' lang='lat' dir='ltr'>vis.</span> 
     </span>
     <span class='ocr_line' id='line_1_7' title="bbox 125 1084 1379 1151; baseline -0.001 -11"><span class='ocrx_word' id='word_1_34' title='bbox 125 1085 226 1141; x_wconf 78' lang='lat' dir='ltr'>Gabar.</span> <span class='ocrx_word' id='word_1_35' title='bbox 251 1085 367 1140; x_wconf 85' lang='lat' dir='ltr'>Patiar:</span> <span class='ocrx_word' id='word_1_36' title='bbox 393 1086 458 1140; x_wconf 87' lang='lat' dir='ltr'>sine</span> <span class='ocrx_word' id='word_1_37' title='bbox 483 1085 571 1139; x_wconf 91' lang='lat' dir='ltr'>modo</span> <span class='ocrx_word' id='word_1_38' title='bbox 589 1085 730 1139; x_wconf 87' lang='lat' dir='ltr'>adveniat</span> <span class='ocrx_word' id='word_1_39' title='bbox 773 1084 844 1139; x_wconf 73' lang='lat' dir='ltr'>Con.</span> <span class='ocrx_word' id='word_1_40' title='bbox 864 1084 936 1151; x_wconf 83' lang='lat' dir='ltr'>Quia</span> <span class='ocrx_word' id='word_1_41' title='bbox 953 1084 1122 1139; x_wconf 89' lang='lat' dir='ltr'>lubitumst.</span> <span class='ocrx_word' id='word_1_42' title='bbox 1141 1085 1251 1141; x_wconf 75' lang='lat' dir='ltr'>Conna.</span> <span class='ocrx_word' id='word_1_43' title='bbox 1271 1085 1379 1141; x_wconf 83' lang='lat' dir='ltr'>Patiar.</span> 
     </span>
     <span class='ocr_line' id='line_1_8' title="bbox 600 1182 1342 1247; baseline 0.001 -11"><span class='ocrx_word' id='word_1_44' title='bbox 600 1196 693 1237; x_wconf 80' lang='lat' dir='ltr'>senex</span> <span class='ocrx_word' id='word_1_45' title='bbox 987 1182 1057 1237; x_wconf 85' lang='lat' dir='ltr'>Sine</span> <span class='ocrx_word' id='word_1_46' title='bbox 1075 1183 1216 1237; x_wconf 85' lang='lat' dir='ltr'>adveniat</span> <span class='ocrx_word' id='word_1_47' title='bbox 1234 1197 1342 1247; x_wconf 83' lang='lat' dir='ltr'>senex,</span> 
     </span>
     <span class='ocr_line' id='line_1_9' title="bbox 125 1279 1379 1348; baseline 0.001 -14"><span class='ocrx_word' id='word_1_48' title='bbox 125 1279 194 1335; x_wconf 87' lang='lat' dir='ltr'>Sine</span> <span class='ocrx_word' id='word_1_49' title='bbox 225 1280 313 1334; x_wconf 92' lang='lat' dir='ltr'>modo</span> <span class='ocrx_word' id='word_1_50' title='bbox 340 1280 443 1334; x_wconf 86' lang='lat' dir='ltr'>venire</span> <span class='ocrx_word' id='word_1_51' title='bbox 474 1279 608 1345; x_wconf 87' lang='lat' dir='ltr'>salvum,</span> <span class='ocrx_word' id='word_1_52' title='bbox 639 1293 729 1348; x_wconf 90' lang='lat' dir='ltr'>quem</span> <span class='ocrx_word' id='word_1_53' title='bbox 774 1279 882 1334; x_wconf 87' lang='lat' dir='ltr'>Senem</span> <span class='ocrx_word' id='word_1_54' title='bbox 911 1279 976 1333; x_wconf 89' lang='lat' dir='ltr'>sine</span> <span class='ocrx_word' id='word_1_55' title='bbox 996 1279 1150 1344; x_wconf 88' lang='lat' dir='ltr'>advenire,</span> <span class='ocrx_word' id='word_1_56' title='bbox 1171 1294 1259 1347; x_wconf 87' lang='lat' dir='ltr'>quem</span> <span class='ocrx_word' id='word_1_57' title='bbox 1278 1280 1379 1335; x_wconf 86' lang='lat' dir='ltr'>absen-</span> 
     </span>
     <span class='ocr_line' id='line_1_10' title="bbox 409 1376 1378 1432; baseline -0.004 0"><span class='ocrx_word' id='word_1_58' title='bbox 409 1376 564 1432; x_wconf 85' lang='lat' dir='ltr'>absentem</span> <span class='ocrx_word' id='word_1_59' title='bbox 586 1391 693 1432; x_wconf 90' lang='lat' dir='ltr'>comes.</span> <span class='ocrx_word' id='word_1_60' title='bbox 1187 1379 1250 1431; x_wconf 85' lang='lat' dir='ltr'>tem</span> <span class='ocrx_word' id='word_1_61' title='bbox 1270 1391 1378 1432; x_wconf 89' lang='lat' dir='ltr'>comes.</span> 
     </span>
     <span class='ocr_line' id='line_1_11' title="bbox 124 1472 1379 1539; baseline 0 -11"><span class='ocrx_word' id='word_1_62' title='bbox 124 1473 225 1529; x_wconf 80' lang='lat' dir='ltr'>Gnmr.</span> <span class='ocrx_word' id='word_1_63' title='bbox 250 1475 293 1529; x_wconf 86' lang='lat' dir='ltr'>Tu</span> <span class='ocrx_word' id='word_1_64' title='bbox 313 1474 444 1530; x_wconf 85' lang='lat' dir='ltr'>urbanus</span> <span class='ocrx_word' id='word_1_65' title='bbox 463 1488 532 1530; x_wconf 88' lang='lat' dir='ltr'>vero</span> <span class='ocrx_word' id='word_1_66' title='bbox 552 1488 667 1539; x_wconf 86' lang='lat' dir='ltr'>scurra,</span> <span class='ocrx_word' id='word_1_67' title='bbox 683 1475 728 1529; x_wconf 92' lang='lat' dir='ltr'>de·</span> <span class='ocrx_word' id='word_1_68' title='bbox 774 1475 817 1529; x_wconf 88' lang='lat' dir='ltr'>Tu</span> <span class='ocrx_word' id='word_1_69' title='bbox 836 1472 949 1528; x_wconf 82' lang='lat' dir='ltr'>urbane</span> <span class='ocrx_word' id='word_1_70' title='bbox 968 1487 1082 1538; x_wconf 87' lang='lat' dir='ltr'>scurra,</span> <span class='ocrx_word' id='word_1_71' title='bbox 1102 1472 1258 1529; x_wconf 85' lang='lat' dir='ltr'>libidinum</span> <span class='ocrx_word' id='word_1_72' title='bbox 1275 1473 1379 1538; x_wconf 85' lang='lat' dir='ltr'>fomes,</span> 
     </span>
     <span class='ocr_line' id='line_1_12' title="bbox 512 1571 1342 1638; baseline -0.001 -12"><span class='ocrx_word' id='word_1_73' title='bbox 512 1572 596 1627; x_wconf 79' lang='lat' dir='ltr'>liciae</span> <span class='ocrx_word' id='word_1_74' title='bbox 615 1571 693 1638; x_wconf 90' lang='lat' dir='ltr'>popli</span> <span class='ocrx_word' id='word_1_75' title='bbox 1047 1580 1049 1583; x_wconf 84' lang='grc'><strong>’</strong></span> <span class='ocrx_word' id='word_1_76' title='bbox 1267 1571 1342 1626; x_wconf 92' lang='lat' dir='ltr'>mihi</span> 
     </span>
     <span class='ocr_line' id='line_1_13' title="bbox 124 1667 1379 1735; baseline 0 -13"><span class='ocrx_word' id='word_1_77' title='bbox 124 1668 187 1724; x_wconf 87' lang='lat' dir='ltr'>Rus</span> <span class='ocrx_word' id='word_1_78' title='bbox 206 1670 281 1724; x_wconf 91' lang='lat' dir='ltr'>mibi</span> <span class='ocrx_word' id='word_1_79' title='bbox 301 1671 336 1724; x_wconf 90' lang='lat' dir='ltr'>tu</span> <span class='ocrx_word' id='word_1_80' title='bbox 355 1669 506 1724; x_wconf 87' lang='lat' dir='ltr'>obiectas?</span> <span class='ocrx_word' id='word_1_81' title='bbox 619 1680 620 1684; x_wconf 74' lang='grc'>’</span> <span class='ocrx_word' id='word_1_82' title='bbox 773 1669 836 1724; x_wconf 88' lang='lat' dir='ltr'>Rus</span> <span class='ocrx_word' id='word_1_83' title='bbox 863 1668 988 1724; x_wconf 88' lang='lat' dir='ltr'>obiicis?</span> <span class='ocrx_word' id='word_1_84' title='bbox 1019 1668 1092 1723; x_wconf 90' lang='lat' dir='ltr'>Post</span> <span class='ocrx_word' id='word_1_85' title='bbox 1123 1667 1262 1735; x_wconf 86' lang='lat' dir='ltr'>pauculas</span> <span class='ocrx_word' id='word_1_86' title='bbox 1290 1668 1379 1722; x_wconf 86' lang='lat' dir='ltr'>horas</span> 
     </span>
     <span class='ocr_line' id='line_1_14' title="bbox 749 1772 1343 1843; baseline -0.003 -23"><span class='ocrx_word' id='word_1_87' title='bbox 749 1772 752 1843; x_wconf 74' lang='lat'>1</span> <span class='ocrx_word' id='word_1_88' title='bbox 1273 1779 1343 1820; x_wconf 88' lang='lat' dir='ltr'>cave</span> 
     </span>
     <span class='ocr_line' id='line_1_15' title="bbox 124 1854 752 1981; baseline 0.005 -65"><span class='ocrx_word' id='word_1_89' title='bbox 124 1863 172 1917; x_wconf 81' lang='lat' dir='ltr'>Cis</span> <span class='ocrx_word' id='word_1_90' title='bbox 184 1862 280 1918; x_wconf 88' lang='lat' dir='ltr'>hercle</span> <span class='ocrx_word' id='word_1_91' title='bbox 294 1877 402 1932; x_wconf 88' lang='lat' dir='ltr'>paucas</span> <span class='ocrx_word' id='word_1_92' title='bbox 412 1865 609 1931; x_wconf 88' lang='lat' dir='ltr'>tempestates</span> <span class='ocrx_word' id='word_1_93' title='bbox 620 1864 728 1919; x_wconf 82' lang='lat' dir='ltr'>Tranio</span> <span class='ocrx_word' id='word_1_94' title='bbox 749 1854 752 1981; x_wconf 62' lang='grc'>1</span> 
     </span>
     <span class='ocr_line' id='line_1_16' title="bbox 124 1959 1377 2029; baseline 0 -15"><span class='ocrx_word' id='word_1_95' title='bbox 124 1959 256 2027; x_wconf 85' lang='lat' dir='ltr'>Augebis</span> <span class='ocrx_word' id='word_1_96' title='bbox 278 1962 340 2016; x_wconf 89' lang='lat' dir='ltr'>ruri</span> <span class='ocrx_word' id='word_1_97' title='bbox 368 1976 544 2025; x_wconf 87' lang='lat' dir='ltr'>numerum,</span> <span class='ocrx_word' id='word_1_98' title='bbox 561 1975 656 2029; x_wconf 85' lang='lat' dir='ltr'>genus</span> <span class='ocrx_word' id='word_1_99' title='bbox 675 1961 728 2016; x_wconf 86' lang='lat' dir='ltr'>fer·</span> <span class='ocrx_word' id='word_1_100' title='bbox 772 1962 937 2016; x_wconf 87' lang='lat' dir='ltr'>Numerum</span> <span class='ocrx_word' id='word_1_101' title='bbox 957 1962 990 2015; x_wconf 89' lang='lat' dir='ltr'>in</span> <span class='ocrx_word' id='word_1_102' title='bbox 1002 1960 1138 2016; x_wconf 78' lang='lat' dir='ltr'>crucibus</span> <span class='ocrx_word' id='word_1_103' title='bbox 1151 1961 1302 2016; x_wconf 87' lang='lat' dir='ltr'>arentium</span> <span class='ocrx_word' id='word_1_104' title='bbox 1316 1960 1377 2014; x_wconf 91' lang='lat' dir='ltr'>ruri</span> 
     </span>
     <span class='ocr_line' id='line_1_17' title="bbox 598 2058 1341 2114; baseline -0.003 0"><span class='ocrx_word' id='word_1_105' title='bbox 598 2059 691 2114; x_wconf 89' lang='lat' dir='ltr'>ratile.</span> <span class='ocrx_word' id='word_1_106' title='bbox 915 2102 918 2107; x_wconf 93' lang='lat'><em>.</em></span> <span class='ocrx_word' id='word_1_107' title='bbox 1212 2058 1341 2113; x_wconf 81' lang='lat' dir='ltr'>auxeris.</span> 
     </span>
     <span class='ocr_line' id='line_1_18' title="bbox 125 2153 1377 2225; baseline 0 -17"><span class='ocrx_word' id='word_1_108' title='bbox 125 2154 218 2224; x_wconf 86' lang='lat' dir='ltr'>Nunc,</span> <span class='ocrx_word' id='word_1_109' title='bbox 230 2155 303 2209; x_wconf 89' lang='lat' dir='ltr'>dum</span> <span class='ocrx_word' id='word_1_110' title='bbox 317 2154 389 2210; x_wconf 86' lang='lat' dir='ltr'>libet</span> <span class='ocrx_word' id='word_1_111' title='bbox 401 2155 538 2224; x_wconf 80' lang='lat' dir='ltr'>licetque,</span> <span class='ocrx_word' id='word_1_112' title='bbox 552 2158 629 2223; x_wconf 81' lang='lat' dir='ltr'>pota,</span> <span class='ocrx_word' id='word_1_113' title='bbox 640 2157 728 2225; x_wconf 92' lang='lat' dir='ltr'>perde</span> <span class='ocrx_word' id='word_1_114' title='bbox 772 2156 873 2220; x_wconf 87' lang='lat' dir='ltr'>Nunc,</span> <span class='ocrx_word' id='word_1_115' title='bbox 891 2156 964 2210; x_wconf 89' lang='lat' dir='ltr'>dum</span> <span class='ocrx_word' id='word_1_116' title='bbox 984 2155 1038 2210; x_wconf 92' lang='lat' dir='ltr'>tibi</span> <span class='ocrx_word' id='word_1_117' title='bbox 1057 2155 1130 2209; x_wconf 86' lang='lat' dir='ltr'>libet</span> <span class='ocrx_word' id='word_1_118' title='bbox 1149 2157 1180 2210; x_wconf 92' lang='lat' dir='ltr'>et</span> <span class='ocrx_word' id='word_1_119' title='bbox 1196 2155 1279 2219; x_wconf 89' lang='lat' dir='ltr'>licet,</span> <span class='ocrx_word' id='word_1_120' title='bbox 1298 2153 1377 2223; x_wconf 91' lang='lat' dir='ltr'>bibe,</span> 
     </span>
     <span class='ocr_line' id='line_1_19' title="bbox 614 2252 1340 2319; baseline -0.003 -12"><span class='ocrx_word' id='word_1_121' title='bbox 614 2268 692 2319; x_wconf 91' lang='lat' dir='ltr'>rem,</span> <span class='ocrx_word' id='word_1_122' title='bbox 1171 2252 1340 2319; x_wconf 90' lang='lat' dir='ltr'>perderem</span> 
     </span>
     <span class='ocr_line' id='line_1_20' title="bbox 122 2348 1309 2461; baseline -0.001 -58"><span class='ocrx_word' id='word_1_123' title='bbox 122 2348 283 2417; x_wconf 78' lang='lat' dir='ltr'>Certumne</span> <span class='ocrx_word' id='word_1_124' title='bbox 311 2350 435 2405; x_wconf 90' lang='lat' dir='ltr'>herilem</span> <span class='ocrx_word' id='word_1_125' title='bbox 456 2352 593 2405; x_wconf 89' lang='lat' dir='ltr'>nostrum</span> <span class='ocrx_word' id='word_1_126' title='bbox 613 2351 728 2406; x_wconf 85' lang='lat' dir='ltr'>aduiee·</span> <span class='ocrx_word' id='word_1_127' title='bbox 748 2404 750 2461; x_wconf 54' lang='grc'>1</span> <span class='ocrx_word' id='word_1_128' title='bbox 771 2349 989 2414; x_wconf 88' lang='lat' dir='ltr'>Domesticsm,</span> <span class='ocrx_word' id='word_1_129' title='bbox 1010 2363 1165 2417; x_wconf 88' lang='lat' dir='ltr'>corrumpe</span> <span class='ocrx_word' id='word_1_130' title='bbox 1185 2348 1309 2403; x_wconf 89' lang='lat' dir='ltr'>herilem</span> 
     </span>
     <span class='ocr_line' id='line_1_21' title="bbox 394 2445 1359 2516; baseline -0.004 -14"><span class='ocrx_word' id='word_1_131' title='bbox 394 2449 512 2502; x_wconf 85' lang='lat' dir='ltr'>centem</span> <span class='ocrx_word' id='word_1_132' title='bbox 532 2447 691 2516; x_wconf 86' lang='lat' dir='ltr'>optimum.</span> <span class='ocrx_word' id='word_1_133' title='bbox 1248 2445 1359 2510; x_wconf 89' lang='lat' dir='ltr'>filium,</span> 
     </span>
     <span class='ocr_line' id='line_1_22' title="bbox 123 2543 1375 2613; baseline 0.001 -16"><span class='ocrx_word' id='word_1_134' title='bbox 123 2543 192 2598; x_wconf 87' lang='lat' dir='ltr'>Dies</span> <span class='ocrx_word' id='word_1_135' title='bbox 205 2546 365 2612; x_wconf 87' lang='lat' dir='ltr'>noctesque</span> <span class='ocrx_word' id='word_1_136' title='bbox 376 2545 474 2609; x_wconf 88' lang='lat' dir='ltr'>bibite,</span> <span class='ocrx_word' id='word_1_137' title='bbox 486 2547 727 2613; x_wconf 82' lang='lat' dir='ltr'>pergraecamini,</span> <span class='ocrx_word' id='word_1_138' title='bbox 771 2543 972 2598; x_wconf 85' lang='lat' dir='ltr'>Meretriculas</span> <span class='ocrx_word' id='word_1_139' title='bbox 991 2557 1121 2607; x_wconf 87' lang='lat' dir='ltr'>accerse,</span> <span class='ocrx_word' id='word_1_140' title='bbox 1135 2557 1219 2610; x_wconf 85' lang='lat' dir='ltr'>pasce</span> <span class='ocrx_word' id='word_1_141' title='bbox 1233 2543 1375 2598; x_wconf 89' lang='lat' dir='ltr'>inertium</span> 
     </span>
     <span class='ocr_line' id='line_1_23' title="bbox 123 2639 1376 2711; baseline 0.001 -18"><span class='ocrx_word' id='word_1_142' title='bbox 123 2640 243 2696; x_wconf 81' lang='lat' dir='ltr'>Amicas</span> <span class='ocrx_word' id='word_1_143' title='bbox 260 2642 367 2711; x_wconf 89' lang='lat' dir='ltr'>emite,</span> <span class='ocrx_word' id='word_1_144' title='bbox 386 2642 523 2697; x_wconf 72' lang='lat' dir='ltr'>liberate!</span> <span class='ocrx_word' id='word_1_145' title='bbox 544 2644 655 2710; x_wconf 85' lang='lat' dir='ltr'>pascite</span> <span class='ocrx_word' id='word_1_146' title='bbox 770 2640 897 2709; x_wconf 76' lang='lat' dir='ltr'>Gregem</span> <span class='ocrx_word' id='word_1_147' title='bbox 926 2641 1104 2705; x_wconf 92' lang='lat' dir='ltr'>heluonum,</span> <span class='ocrx_word' id='word_1_148' title='bbox 1133 2655 1193 2695; x_wconf 89' lang='lat' dir='ltr'>una</span> <span class='ocrx_word' id='word_1_149' title='bbox 1221 2641 1300 2707; x_wconf 84' lang='lat' dir='ltr'>agite</span> <span class='ocrx_word' id='word_1_150' title='bbox 1320 2639 1376 2706; x_wconf 93' lang='lat' dir='ltr'>pol-</span> 
     </span>
     <span class='ocr_line' id='line_1_24' title="bbox 1173 2735 1340 2792; baseline 0.012 -2"><span class='ocrx_word' id='word_1_151' title='bbox 1173 2735 1340 2792; x_wconf 89' lang='lat' dir='ltr'>lucibiliter.</span> 
     </span>
     <span class='ocr_line' id='line_1_25' title="bbox 122 2833 1374 2905; baseline -0.001 -16"><span class='ocrx_word' id='word_1_152' title='bbox 122 2835 287 2904; x_wconf 78' lang='lat' dir='ltr'>Parasitos3</span> <span class='ocrx_word' id='word_1_153' title='bbox 307 2837 449 2891; x_wconf 88' lang='lat' dir='ltr'>obsonate</span> <span class='ocrx_word' id='word_1_154' title='bbox 469 2836 690 2905; x_wconf 75' lang='lat' dir='ltr'>pollucibiliter!</span> <span class='ocrx_word' id='word_1_155' title='bbox 771 2835 861 2891; x_wconf 86' lang='lat' dir='ltr'>Totos</span> <span class='ocrx_word' id='word_1_156' title='bbox 874 2837 937 2890; x_wconf 89' lang='lat' dir='ltr'>dies</span> <span class='ocrx_word' id='word_1_157' title='bbox 950 2837 1111 2902; x_wconf 89' lang='lat' dir='ltr'>noctesque</span> <span class='ocrx_word' id='word_1_158' title='bbox 1128 2833 1374 2901; x_wconf 78' lang='lat' dir='ltr'>pergraecamini!</span> 
     </span>
     <span class='ocr_line' id='line_1_26' title="bbox 122 2929 1376 3002; baseline -0.002 -16"><span class='ocrx_word' id='word_1_159' title='bbox 122 2932 253 2988; x_wconf 88' lang='lat' dir='ltr'>Haecine</span> <span class='ocrx_word' id='word_1_160' title='bbox 272 2934 427 2989; x_wconf 86' lang='lat' dir='ltr'>mandavit</span> <span class='ocrx_word' id='word_1_161' title='bbox 446 2933 500 2988; x_wconf 88' lang='lat' dir='ltr'>tibi</span> <span class='ocrx_word' id='word_1_162' title='bbox 520 2949 586 2989; x_wconf 90' lang='lat' dir='ltr'>cum</span> <span class='ocrx_word' id='word_1_163' title='bbox 607 2948 725 3002; x_wconf 79' lang='lat' dir='ltr'>peregre</span> <span class='ocrx_word' id='word_1_164' title='bbox 771 2933 928 2987; x_wconf 85' lang='lat' dir='ltr'>lethaecne</span> <span class='ocrx_word' id='word_1_165' title='bbox 956 2931 1112 2986; x_wconf 87' lang='lat' dir='ltr'>mandavit</span> <span class='ocrx_word' id='word_1_166' title='bbox 1141 2929 1195 2984; x_wconf 86' lang='lat' dir='ltr'>tibi</span> <span class='ocrx_word' id='word_1_167' title='bbox 1215 2944 1283 2984; x_wconf 89' lang='lat' dir='ltr'>cum</span> <span class='ocrx_word' id='word_1_168' title='bbox 1302 2929 1376 2984; x_wconf 85' lang='lat' dir='ltr'>abiit</span> 
     </span>
     <span class='ocr_line' id='line_1_27' title="bbox 442 3027 1340 3087; baseline -0.006 -2"><span class='ocrx_word' id='word_1_169' title='bbox 442 3031 512 3087; x_wconf 89' lang='lat' dir='ltr'>hinc</span> <span class='ocrx_word' id='word_1_170' title='bbox 531 3033 556 3086; x_wconf 89' lang='lat' dir='ltr'>it</span> <span class='ocrx_word' id='word_1_171' title='bbox 575 3033 690 3086; x_wconf 86' lang='lat' dir='ltr'>senex?</span> <span class='ocrx_word' id='word_1_172' title='bbox 1224 3027 1340 3081; x_wconf 84' lang='lat' dir='ltr'>senex?</span> 
     </span>
     <span class='ocr_line' id='line_1_28' title="bbox 122 3124 1333 3193; baseline -0.003 -12"><span class='ocrx_word' id='word_1_173' title='bbox 122 3126 251 3182; x_wconf 88' lang='lat' dir='ltr'>Hoccine</span> <span class='ocrx_word' id='word_1_174' title='bbox 264 3128 481 3183; x_wconf 90' lang='lat' dir='ltr'>modohicrem</span> <span class='ocrx_word' id='word_1_175' title='bbox 492 3131 627 3183; x_wconf 87' lang='lat' dir='ltr'>curatam</span> <span class='ocrx_word' id='word_1_176' title='bbox 638 3127 725 3183; x_wconf 86' lang='lat' dir='ltr'>offen·</span> <span class='ocrx_word' id='word_1_177' title='bbox 771 3127 899 3182; x_wconf 89' lang='lat' dir='ltr'>Hoccine</span> <span class='ocrx_word' id='word_1_178' title='bbox 918 3128 1003 3181; x_wconf 82' lang='lat' dir='ltr'>statu</span> <span class='ocrx_word' id='word_1_179' title='bbox 1022 3124 1151 3180; x_wconf 84' lang='lat' dir='ltr'>offendet</span> <span class='ocrx_word' id='word_1_180' title='bbox 1170 3124 1333 3193; x_wconf 85' lang='lat' dir='ltr'>repositam</span> 
     </span>
     <span class='ocr_line' id='line_1_29' title="bbox 513 3222 1375 3281; baseline -0.007 -1"><span class='ocrx_word' id='word_1_181' title='bbox 513 3227 564 3281; x_wconf 91' lang='lat' dir='ltr'>det</span> <span class='ocrx_word' id='word_1_182' title='bbox 583 3227 691 3281; x_wconf 87' lang='lat' dir='ltr'>suam?</span> <span class='ocrx_word' id='word_1_183' title='bbox 1182 3236 1245 3276; x_wconf 91' lang='lat' dir='ltr'>rem</span> <span class='ocrx_word' id='word_1_184' title='bbox 1265 3222 1375 3275; x_wconf 84' lang='lat' dir='ltr'>suam?</span> 
     </span>
     <span class='ocr_line' id='line_1_30' title="bbox 122 3318 1374 3378; baseline -0.002 -3"><span class='ocrx_word' id='word_1_185' title='bbox 122 3321 250 3376; x_wconf 90' lang='lat' dir='ltr'>Hoccine</span> <span class='ocrx_word' id='word_1_186' title='bbox 270 3322 336 3377; x_wconf 90' lang='lat' dir='ltr'>boni</span> <span class='ocrx_word' id='word_1_187' title='bbox 351 3322 482 3377; x_wconf 85' lang='lat' dir='ltr'>officium</span> <span class='ocrx_word' id='word_1_188' title='bbox 495 3337 561 3378; x_wconf 88' lang='lat' dir='ltr'>esse</span> <span class='ocrx_word' id='word_1_189' title='bbox 574 3325 651 3377; x_wconf 89' lang='lat' dir='ltr'>servi</span> <span class='ocrx_word' id='word_1_190' title='bbox 666 3323 724 3377; x_wconf 85' lang='lat' dir='ltr'>exi·</span> <span class='ocrx_word' id='word_1_191' title='bbox 770 3321 899 3376; x_wconf 92' lang='lat' dir='ltr'>Hoccine</span> <span class='ocrx_word' id='word_1_192' title='bbox 916 3321 985 3374; x_wconf 92' lang='lat' dir='ltr'>boni</span> <span class='ocrx_word' id='word_1_193' title='bbox 1002 3320 1080 3374; x_wconf 82' lang='lat' dir='ltr'>servi</span> <span class='ocrx_word' id='word_1_194' title='bbox 1093 3318 1224 3374; x_wconf 86' lang='lat' dir='ltr'>officium</span> <span class='ocrx_word' id='word_1_195' title='bbox 1237 3332 1303 3373; x_wconf 83' lang='lat' dir='ltr'>esse</span> <span class='ocrx_word' id='word_1_196' title='bbox 1315 3319 1374 3373; x_wconf 80' lang='lat' dir='ltr'>exi-</span> 
     </span>
     <span class='ocr_line' id='line_1_31' title="bbox 569 3416 1339 3490; baseline -0.006 -15"><span class='ocrx_word' id='word_1_197' title='bbox 569 3421 691 3490; x_wconf 83' lang='lat' dir='ltr'>stimas,</span> <span class='ocrx_word' id='word_1_198' title='bbox 1179 3416 1339 3471; x_wconf 85' lang='lat' dir='ltr'>existimas</span> 
     </span>
     <span class='ocr_line' id='line_1_32' title="bbox 120 3513 1375 3585; baseline -0.004 -13"><span class='ocrx_word' id='word_1_199' title='bbox 120 3518 164 3572; x_wconf 86' lang='lat' dir='ltr'>Ut</span> <span class='ocrx_word' id='word_1_200' title='bbox 192 3518 255 3572; x_wconf 88' lang='lat' dir='ltr'>heri</span> <span class='ocrx_word' id='word_1_201' title='bbox 284 3518 331 3574; x_wconf 91' lang='lat' dir='ltr'>sui</span> <span class='ocrx_word' id='word_1_202' title='bbox 360 3519 535 3585; x_wconf 86' lang='lat' dir='ltr'>corrumpat</span> <span class='ocrx_word' id='word_1_203' title='bbox 562 3520 594 3572; x_wconf 91' lang='lat' dir='ltr'>et</span> <span class='ocrx_word' id='word_1_204' title='bbox 612 3533 675 3572; x_wconf 90' lang='lat' dir='ltr'>rem</span> <span class='ocrx_word' id='word_1_205' title='bbox 695 3520 726 3573; x_wconf 91' lang='lat' dir='ltr'>et</span> <span class='ocrx_word' id='word_1_206' title='bbox 770 3515 813 3570; x_wconf 86' lang='lat' dir='ltr'>Ut</span> <span class='ocrx_word' id='word_1_207' title='bbox 832 3515 928 3569; x_wconf 87' lang='lat' dir='ltr'>filium</span> <span class='ocrx_word' id='word_1_208' title='bbox 947 3516 1119 3581; x_wconf 81' lang='lat' dir='ltr'>corrumpat</span> <span class='ocrx_word' id='word_1_209' title='bbox 1138 3514 1254 3569; x_wconf 83' lang='lat' dir='ltr'>absenti</span> <span class='ocrx_word' id='word_1_210' title='bbox 1268 3513 1375 3582; x_wconf 85' lang='lat' dir='ltr'>patre?</span> 
     </span>
     <span class='ocr_line' id='line_1_33' title="bbox 571 3616 690 3670; baseline 0.008 -1"><span class='ocrx_word' id='word_1_211' title='bbox 571 3616 690 3670; x_wconf 88' lang='lat' dir='ltr'>filium?</span> 
     </span>
     <span class='ocr_line' id='line_1_34' title="bbox 120 3708 1375 3800; baseline -0.004 -34"><span class='ocrx_word' id='word_1_212' title='bbox 120 3712 198 3766; x_wconf 87' lang='lat' dir='ltr'>Nam</span> <span class='ocrx_word' id='word_1_213' title='bbox 222 3712 308 3768; x_wconf 91' lang='lat' dir='ltr'>illum</span> <span class='ocrx_word' id='word_1_214' title='bbox 334 3714 507 3779; x_wconf 87' lang='lat' dir='ltr'>corruptum</span> <span class='ocrx_word' id='word_1_215' title='bbox 526 3713 614 3781; x_wconf 89' lang='lat' dir='ltr'>duco,</span> <span class='ocrx_word' id='word_1_216' title='bbox 634 3727 725 3781; x_wconf 88' lang='lat' dir='ltr'>quom</span> <span class='ocrx_word' id='word_1_217' title='bbox 746 3760 748 3800; x_wconf 53' lang='grc' dir='ltr'>Ι</span> <span class='ocrx_word' id='word_1_218' title='bbox 768 3710 947 3776; x_wconf 80' lang='lat' dir='ltr'>corruptum</span> <span class='ocrx_word' id='word_1_219' title='bbox 960 3722 1030 3762; x_wconf 91' lang='lat' dir='ltr'>eum</span> <span class='ocrx_word' id='word_1_220' title='bbox 1043 3709 1126 3777; x_wconf 89' lang='lat' dir='ltr'>duco,</span> <span class='ocrx_word' id='word_1_221' title='bbox 1138 3709 1211 3762; x_wconf 89' lang='lat' dir='ltr'>dum</span> <span class='ocrx_word' id='word_1_222' title='bbox 1223 3708 1261 3762; x_wconf 90' lang='lat' dir='ltr'>iis</span> <span class='ocrx_word' id='word_1_223' title='bbox 1273 3709 1375 3762; x_wconf 88' lang='lat' dir='ltr'>studet</span> 
     </span>
     <span class='ocr_line' id='line_1_35' title="bbox 308 3805 1338 3873; baseline -0.005 -8"><span class='ocrx_word' id='word_1_224' title='bbox 308 3811 355 3865; x_wconf 92' lang='lat' dir='ltr'>his</span> <span class='ocrx_word' id='word_1_225' title='bbox 374 3810 461 3865; x_wconf 86' lang='lat' dir='ltr'>factis</span> <span class='ocrx_word' id='word_1_226' title='bbox 480 3811 582 3864; x_wconf 86' lang='lat' dir='ltr'>studet</span> <span class='ocrx_word' id='word_1_227' title='bbox 602 3849 608 3860; x_wconf 91' lang='lat'>.</span> <span class='ocrx_word' id='word_1_228' title='bbox 630 3852 635 3865; x_wconf 94' lang='lat'><em>.</em></span> <span class='ocrx_word' id='word_1_229' title='bbox 656 3852 689 3865; x_wconf 90' lang='lat'>..</span> <span class='ocrx_word' id='word_1_230' title='bbox 746 3812 748 3873; x_wconf 74' lang='lat' dir='ltr'>i</span> <span class='ocrx_word' id='word_1_231' title='bbox 1209 3805 1338 3866; x_wconf 86' lang='lat' dir='ltr'>artibus,</span> 
     </span>
    </p>
   </div>
   <div class='ocr_carea' id='block_1_3' title="bbox 120 3884 1372 3976">
    <p class='ocr_par' dir='ltr' id='par_1_3' title="bbox 120 3884 1372 3988">
     <span class='ocr_line' id='line_1_36' title="bbox 120 3884 1372 3976; baseline -0.003 -16"><span class='ocrx_word' id='word_1_232' title='bbox 120 3906 240 3962; x_wconf 85' lang='lat' dir='ltr'>Virtute</span> <span class='ocrx_word' id='word_1_233' title='bbox 258 3908 288 3962; x_wconf 92' lang='lat' dir='ltr'>id</span> <span class='ocrx_word' id='word_1_234' title='bbox 304 3907 463 3976; x_wconf 86' lang='lat' dir='ltr'>factumst,</span> <span class='ocrx_word' id='word_1_235' title='bbox 478 3907 649 3974; x_wconf 84' lang='lat' dir='ltr'>magisterio</span> <span class='ocrx_word' id='word_1_236' title='bbox 664 3908 724 3960; x_wconf 89' lang='lat' dir='ltr'>tuo.</span> <span class='ocrx_word' id='word_1_237' title='bbox 746 3884 748 3930; x_wconf 61' lang='grc' dir='ltr'>Ι</span> <span class='ocrx_word' id='word_1_238' title='bbox 768 3904 879 3972; x_wconf 83' lang='lat' dir='ltr'>Quibus</span> <span class='ocrx_word' id='word_1_239' title='bbox 904 3904 1038 3957; x_wconf 89' lang='lat' dir='ltr'>eruditur</span> <span class='ocrx_word' id='word_1_240' title='bbox 1063 3916 1101 3956; x_wconf 85' lang='lat' dir='ltr'>ex</span> <span class='ocrx_word' id='word_1_241' title='bbox 1121 3902 1293 3969; x_wconf 80' lang='lat' dir='ltr'>magisterio</span> <span class='ocrx_word' id='word_1_242' title='bbox 1311 3903 1372 3956; x_wconf 92' lang='lat' dir='ltr'>tuo.</span> 
     </span>
    </p>
   </div>
   <div class='ocr_carea' id='block_1_4' title="bbox 118 4078 1365 4396">
    <p class='ocr_par' dir='ltr' id='par_1_4' title="bbox 118 4078 1365 4396">
     <span class='ocr_line' id='line_1_37' title="bbox 164 4078 1364 4162; baseline -0.003 -17"><span class='ocrx_word' id='word_1_243' title='bbox 164 4081 258 4147; x_wconf 87' lang='lat' dir='ltr'>Haec</span> <span class='ocrx_word' id='word_1_244' title='bbox 297 4083 479 4149; x_wconf 85' lang='lat' dir='ltr'>sufficiant.</span> <span class='ocrx_word' id='word_1_245' title='bbox 534 4083 676 4162; x_wconf 87' lang='lat' dir='ltr'>Reliqua</span> <span class='ocrx_word' id='word_1_246' title='bbox 714 4083 741 4146; x_wconf 87' lang='lat' dir='ltr'>si</span> <span class='ocrx_word' id='word_1_247' title='bbox 778 4082 853 4160; x_wconf 87' lang='lat' dir='ltr'>quis</span> <span class='ocrx_word' id='word_1_248' title='bbox 889 4080 982 4144; x_wconf 87' lang='lat' dir='ltr'>volet</span> <span class='ocrx_word' id='word_1_249' title='bbox 1017 4079 1105 4159; x_wconf 83' lang='lat' dir='ltr'>apud</span> <span class='ocrx_word' id='word_1_250' title='bbox 1142 4078 1364 4159; x_wconf 82' lang='lat' dir='ltr'>Spenglerum</span> 
     </span>
     <span class='ocr_line' id='line_1_38' title="bbox 118 4194 1365 4288; baseline -0.004 -26"><span class='ocrx_word' id='word_1_251' title='bbox 118 4199 270 4264; x_wconf 86' lang='lat' dir='ltr'>invenire</span> <span class='ocrx_word' id='word_1_252' title='bbox 295 4201 419 4280; x_wconf 83' lang='lat' dir='ltr'>poterit</span> <span class='ocrx_word' id='word_1_253' title='bbox 443 4200 476 4288; x_wconf 86' lang='lat'>¹).</span> <span class='ocrx_word' id='word_1_254' title='bbox 525 4199 621 4263; x_wconf 88' lang='lat' dir='ltr'>Multi</span> <span class='ocrx_word' id='word_1_255' title='bbox 645 4201 824 4278; x_wconf 85' lang='lat' dir='ltr'>praeterea</span> <span class='ocrx_word' id='word_1_256' title='bbox 838 4197 873 4259; x_wconf 90' lang='lat' dir='ltr'>in</span> <span class='ocrx_word' id='word_1_257' title='bbox 890 4198 1001 4260; x_wconf 86' lang='lat' dir='ltr'>Asoto</span> <span class='ocrx_word' id='word_1_258' title='bbox 1016 4199 1100 4259; x_wconf 87' lang='lat' dir='ltr'>sunt</span> <span class='ocrx_word' id='word_1_259' title='bbox 1115 4194 1176 4258; x_wconf 86' lang='lat' dir='ltr'>loci</span> <span class='ocrx_word' id='word_1_260' title='bbox 1194 4194 1249 4259; x_wconf 92' lang='lat' dir='ltr'>ubi</span> <span class='ocrx_word' id='word_1_261' title='bbox 1266 4194 1365 4257; x_wconf 84' lang='lat' dir='ltr'>Plau-</span> 
     </span>
     <span class='ocr_line' id='line_1_39' title="bbox 119 4310 1364 4396; baseline -0.005 -17"><span class='ocrx_word' id='word_1_262' title='bbox 119 4318 194 4379; x_wconf 91' lang='lat' dir='ltr'>tum</span> <span class='ocrx_word' id='word_1_263' title='bbox 221 4316 376 4381; x_wconf 87' lang='lat' dir='ltr'>imitatur</span> <span class='ocrx_word' id='word_1_264' title='bbox 399 4315 652 4396; x_wconf 81' lang='lat' dir='ltr'>Macropedius‚</span> <span class='ocrx_word' id='word_1_265' title='bbox 676 4319 737 4378; x_wconf 86' lang='lat' dir='ltr'>aut</span> <span class='ocrx_word' id='word_1_266' title='bbox 761 4314 818 4376; x_wconf 89' lang='lat' dir='ltr'>ubi</span> <span class='ocrx_word' id='word_1_267' title='bbox 840 4313 933 4376; x_wconf 85' lang='lat' dir='ltr'>locus</span> <span class='ocrx_word' id='word_1_268' title='bbox 958 4311 1136 4375; x_wconf 87' lang='lat' dir='ltr'>Plautinus</span> <span class='ocrx_word' id='word_1_269' title='bbox 1160 4310 1267 4373; x_wconf 81' lang='lat' dir='ltr'>menti</span> <span class='ocrx_word' id='word_1_270' title='bbox 1291 4310 1364 4373; x_wconf 88' lang='lat' dir='ltr'>eius</span> 
     </span>
    </p>
   </div>
   <div class='ocr_carea' id='block_1_5' title="bbox 157 4648 462 4717">
    <p class='ocr_par' dir='ltr' id='par_1_5' title="bbox 157 4648 462 4717">
     <span class='ocr_line' id='line_1_40' title="bbox 157 4648 462 4717; baseline -0.01 -15"><span class='ocrx_word' id='word_1_271' title='bbox 157 4651 178 4716; x_wconf 77' lang='grc' dir='ltr'>ι)</span> <span class='ocrx_word' id='word_1_272' title='bbox 207 4648 225 4705; x_wconf 87' lang='lat'>1.</span> <span class='ocrx_word' id='word_1_273' title='bbox 244 4648 262 4702; x_wconf 89' lang='lat'>1.</span> <span class='ocrx_word' id='word_1_274' title='bbox 282 4662 329 4717; x_wconf 73' lang='lat' dir='ltr'>pg.</span> <span class='ocrx_word' id='word_1_275' title='bbox 347 4649 462 4703; x_wconf 80' lang='lat'>42-44.</span> 
     </span>
    </p>
   </div>
   <div class='ocr_carea' id='block_1_6' title="bbox 0 0 1640 5310">
    <p class='ocr_par' dir='ltr' id='par_1_6' title="bbox 0 0 1640 5310">
     <span class='ocr_line' id='line_1_41' title="bbox 0 0 1640 5310; baseline 0 2"><span class='ocrx_word' id='word_1_276' title='bbox 0 0 1640 5310; x_wconf 95' lang='lat' dir='ltr'> </span> 
     </span>
    </p>
   </div>
  </div>
 </body>
</html>
