3270 5310
739 383 783 448 23

137 583 172 644 et
186 577 334 644 naturali
349 577 512 643 facilitate
528 576 604 643 fluit
623 575 656 665 1).
681 575 801 657 Neque
817 575 1009 641 sententias
1024 575 1227 656 imaginibus
1243 591 1384 657 operose

137 690 299 775 quaesitis
333 710 455 759 ornare
491 692 627 774 studet,
663 708 726 756 nec
761 707 913 771 unquam
946 689 987 756 fit
1020 691 1173 756 tumidus
1202 707 1266 755 nec
1295 705 1385 756 vano

136 809 377 876 vocabulorum
400 808 516 874 sonitu
540 807 739 873 delectatur.
787 806 839 872 Ne
861 807 896 871 in
920 806 1085 871 dramatis
1108 806 1216 871 sacris
1237 805 1384 888 quidem,

135 941 342 1006 quamquam
365 924 536 1005 gravitate
552 940 620 988 non
637 926 750 1004 caret,
766 921 909 988 sublime
926 924 962 986 et
977 921 1235 1002 grandiloquum
1251 921 1384 986 dicendi

135 1058 243 1122 genus
273 1039 431 1122 affectat,
462 1040 523 1105 sed
547 1039 744 1120 quotidiano
767 1054 925 1104 sermone
949 1039 1133 1102 contentus
1156 1037 1288 1119 spernit
1310 1053 1383 1102 am-

134 1157 243 1238 pullas
266 1159 303 1222 et
325 1155 572 1237 sesquipedalia
595 1155 701 1220 verba
718 1152 755 1242 ²).
785 1154 825 1218 ln
842 1153 1023 1219 comoediis
1038 1170 1107 1217 non
1124 1155 1197 1218 tam
1211 1152 1382 1234 leporibus

174 1397 195 1461 ¹)
214 1394 300 1449 Macr.
318 1393 352 1448 in
370 1391 536 1449 Rebellium
557 1391 738 1460 praefatione
757 1391 913 1447 Reuchlini
932 1391 1070 1459 exemplo
1089 1405 1121 1446 se
1140 1391 1176 1446 ad
1195 1390 1382 1447 scribendum
1405 1410 1408 1414 “

133 1482 300 1538 excitatum
328 1495 393 1538 esse
422 1482 587 1550 profitetur.
625 1482 706 1549 Quod
734 1481 792 1536 nisi
821 1481 885 1548 ipse
912 1480 1043 1536 dixisset
1070 1493 1159 1535 nemo
1181 1480 1286 1548 opinor
1304 1481 1384 1535 esset

133 1570 312 1638 suspicatus.
349 1570 426 1625 Nam
455 1584 551 1638 neque
578 1570 610 1624 in
638 1569 825 1638 argumentis
848 1583 917 1625 eum
937 1569 1076 1624 imitatur
1095 1569 1126 1623 et
1145 1582 1282 1624 sermone
1301 1582 1385 1637 mag·

134 1672 241 1726 nopere
268 1658 305 1712 ab
324 1672 357 1712 eo
375 1656 483 1713 differt.
520 1657 667 1714 Reucfflin
686 1659 760 1713 duas
779 1659 902 1713 tantum
922 1658 1043 1725 scripsit
1061 1657 1176 1712 fabulas
1194 1670 1303 1725 easque
1320 1655 1382 1712 bre·

132 1747 286 1817 vissimas,
307 1761 433 1815 quarum
453 1747 533 1815 pn'or
551 1746 695 1815 (Sergius)
713 1747 812 1802 sabula
831 1748 884 1802 vix
903 1747 1034 1802 vocanda
1054 1746 1180 1802 ridetur.
1211 1746 1266 1801 Est
1277 1746 1378 1801 autem

132 1836 164 1890 in
192 1849 331 1890 sermone
356 1836 493 1890 horridus
518 1836 550 1891 et
575 1836 772 1905 praefractus,
791 1850 845 1891 neo
864 1835 962 1890 verbis
980 1835 1151 1906 abundans,
1169 1834 1377 1890 vocabulorum

133 1925 296 1992 priscorum
316 1925 347 1980 et
365 1925 512 1980 rariorum
531 1926 675 1995 sectator,
695 1939 727 1980 ac
748 1939 834 1992 saepe
853 1925 926 1980 dum
945 1924 1044 1978 brevis
1062 1937 1128 1978 esse
1146 1922 1261 1978 laborat
1279 1922 1382 1977 subob-

132 2027 237 2068 scurus
256 2013 299 2068 iit.
320 2012 366 2081 (of.
386 2013 501 2069 Erasmi
520 2014 664 2069 iudicium
680 2015 713 2068 in
725 2014 929 2069 Ciceroniano:
948 2012 1181 2084 ,Germanorum
1194 2011 1380 2067 eruditorum

131 2101 268 2169 princeps
295 2105 343 2157 est
370 2102 516 2170 Gapnion;
546 2103 591 2156 vir
617 2117 746 2171 magnus
764 2103 816 2158 sed
835 2103 930 2157 oratio
949 2101 1099 2157 redolebat
1117 2116 1207 2156 suum
1226 2100 1378 2156 saeculum

131 2190 227 2245 adhuc
255 2191 404 2247 horridius
425 2192 677 2260 impolitusque'’).
716 2192 917 2260 Maeropedius
935 2193 1040 2246 contra
1058 2190 1153 2245 facilis
1171 2191 1220 2245 est
1238 2190 1269 2244 et
1287 2189 1382 2256 copio-

131 2292 198 2349 sus,
226 2281 257 2334 et
282 2294 464 2348 quamquam
487 2279 640 2335 interdum
661 2281 756 2348 prisca
774 2281 805 2335 st
824 2280 935 2334 rariora
954 2279 1094 2334 vocabula
1113 2279 1235 2334 adhibet
1254 2277 1380 2346 plerum·

131 2381 189 2435 que
208 2369 311 2423 tamen
330 2368 453 2423 usitatis
471 2368 569 2424 verbis
589 2370 759 2425 contentus.

167 2460 189 2520 ²)
204 2457 379 2524 Macropedii
391 2458 428 2512 de
440 2471 475 2512 ea
487 2471 519 2513 re
532 2458 684 2513 sententia
696 2457 867 2513 illustratur
880 2456 942 2512 loco
955 2456 1077 2512 Hecasti
1092 2471 1181 2525 quem
1195 2469 1376 2524 quamquam

130 2543 245 2612 longior
262 2546 311 2600 est
328 2545 423 2600 facere
442 2559 503 2601 non
523 2560 645 2614 possum
665 2548 738 2616 quin
752 2547 800 2602 hic
813 2546 987 2602 adscribam.
1007 2545 1148 2615 Disputat
1160 2547 1263 2601 autern
1283 2544 1378 2599 Philo·

130 2634 264 2704 mathes,
284 2633 406 2690 Hecasti
426 2634 506 2690 filius
524 2650 593 2690 curn
612 2635 742 2705 Aeolito,
760 2635 873 2691 famulo
892 2634 1069 2703 Hieronymi
1090 2634 1259 2690 sacerdotis.

166 2720 248 2789 (Hec.
268 2722 465 2789 lese—1735).

272 2836 359 2892 Para.
752 2839 835 2894 Heus
855 2853 941 2908 puer,
961 2853 1029 2894 curn
1049 2839 1080 2893 te
1099 2838 1190 2892 sciam

159 2925 235 2980 1690.
273 2926 371 2981 Bonae
389 2926 513 2996 indolis,
532 2928 605 2996 quin
625 2927 737 2996 linquis
756 2927 837 2984 hunc
856 2917 1093 2996 Hieronymum,

272 3013 402 3070 Bardum
421 3016 585 3084 rudemque
604 3016 793 3072 mondoum?
812 3017 886 3086 quin
904 3017 1035 3084 applicas

272 3102 311 3159 'le
330 3102 426 3158 literis
445 3104 688 3175 humanioribus,
707 3120 741 3160 ac
760 3106 798 3161 iis

271 3192 406 3247 Horatiis
426 3193 552 3260 preculis
571 3194 710 3263 chorique
728 3195 852 3262 ineptiis

271 3285 339 3340 Sive
358 3289 496 3350 λιτανείαις
514 3287 657 3355 rancidis,
676 3302 751 3356 quas
769 3289 857 3343 audio

227 3416 234 3428 .
270 3378 344 3433 Cum
364 3380 497 3435 sacrifico
516 3383 546 3436 te
566 3396 754 3437 murmurare
773 3382 898 3437 sedulo?

271 3470 361 3523 Acon.
390 3469 457 3524 Non
476 3470 506 3524 te
526 3472 599 3537 puto
617 3470 737 3526 domine
756 3471 867 3526 Medica
885 3486 924 3527 ex
942 3471 1036 3526 animi
1057 3471 1102 3525 tui

271 3555 390 3611 isthaec
409 3557 488 3625 loqui
509 3559 668 3615 sententia.
690 3560 776 3615 Pam.
805 3560 856 3615 Pol
876 3559 1025 3628 maxime,

270 3642 358 3699 Acon.
386 3645 456 3700 Sine
475 3660 545 3714 ergo
564 3648 740 3716 singulatim
759 3649 796 3704 ad
815 3663 849 3704 ea
868 3649 1072 3716 respondeam.

251 3728 356 3787 'an
385 3733 576 3801 Respondeas
595 3751 646 3804 per
666 3752 714 3793 me
733 3737 810 3793 licet.
830 3739 917 3794 Acon.
946 3739 1083 3794 Primum
1102 3737 1238 3792 omnium

226 3861 233 3876 .
270 3820 357 3875 Pium
376 3822 495 3878 volebas
514 3825 550 3878 ut
567 3825 750 3895 sacrificum,
770 3826 847 3895 quod
866 3827 948 3882 rudis

270 3909 359 3965 Foret
376 3913 468 3979 atque
487 3913 610 3983 hardus,
629 3914 810 3983 linquerent,
829 3917 881 3970 sed
900 3917 927 3972 ei
947 3916 1044 3984 magis

269 3997 330 4066 Ego
349 3999 571 4068 obsequendum
592 4017 712 4072 censeo,
731 4004 781 4071 qui
802 4019 850 4059 me
870 4019 925 4061 sua

268 4086 384 4142 Pietate
403 4089 477 4143 vitia
495 4090 612 4160 fugere,
630 4092 748 4148 Christo
767 4093 857 4149 fidere
874 4095 906 4149 et

268 4174 364 4231 Deum
384 4177 491 4233 timere
511 4180 600 4235 verbo
619 4182 650 4236 et
669 4181 806 4248 exemplo
825 4182 924 4253 docet,

269 4261 311 4319 Ac
331 4265 548 4324 litteratoribus
566 4271 604 4325 iis
623 4271 821 4339 scholaribus,
870 4336 873 4342 ,

268 4352 309 4408 De
329 4369 377 4409 me
397 4355 465 4412 licet
484 4357 558 4413 bene
577 4361 709 4421 meritis,
728 4363 778 4430 qui
796 4364 937 4430 gnaviter

268 4442 340 4497 Mihi
360 4445 507 4501 tradidere
525 4451 735 4519 grammatica,
754 4451 908 4507 dialectica
927 4454 958 4508 et

267 4530 441 4602 Rhetorice,
460 4537 611 4592 caeterum
631 4541 715 4595 nihil.
736 4542 822 4597 Pnrn.
850 4543 906 4598 Sed
925 4542 977 4598 ille
996 4556 1070 4611 quae

268 4620 331 4676 'libi
351 4623 502 4679 sacrificus
521 4640 601 4682 nunc
620 4630 755 4697 suggerit
774 4645 825 4699 per
844 4631 1003 4688 Herculem
