3270 5310
806 384 826 447 8

227 573 272 628 Ex
292 572 488 641 praefatione:
509 574 590 643 ,Etsi
610 574 784 643 plaerosque
804 576 873 630 novi
893 575 989 631 multo
1009 575 1157 630 eruditius
1175 589 1238 631 rem
1255 574 1443 631 dialecticam

189 685 279 739 quam
306 670 382 725 mihi
402 670 541 739 possibile
559 671 651 727 fuerit
670 672 845 740 iampridem
865 673 1043 728 tractavisse
1063 672 1167 741 (habet
1184 672 1267 728 enim
1287 672 1342 728 hoc
1360 686 1445 727 secu·

189 768 253 824 lum
281 769 314 824 in
341 770 424 824 omni
452 768 610 838 disciplina
629 771 709 824 viros
727 770 928 834 doctissimos)
946 784 1007 824 non
1027 771 1110 837 potui
1130 771 1234 825 tamen
1253 770 1445 838 quorundam

190 866 402 922 sollicitatione
429 867 585 936 inductus,
614 881 652 922 ne
679 867 775 922 dicam
805 867 967 936 impulsus,
988 868 1062 936 quin
1082 867 1166 922 vobis
1184 866 1302 923 scholae
1321 867 1446 922 nostrae

187 965 357 1032 tyrunculis
386 965 457 1020 haec
484 965 651 1020 dialectices
671 965 855 1020 Rudimenta
875 966 971 1033 magis
991 979 1080 1033 qnam
1102 966 1258 1033 praecepta
1276 978 1316 1020 ex
1334 964 1446 1021 incude

191 1068 309 1131 recepta
327 1063 485 1117 traderem.
523 1062 630 1117 Visum
650 1063 697 1117 est
715 1063 798 1117 enim
817 1062 878 1117 illis
896 1061 1111 1130 impulsoribus
1131 1063 1221 1131 meis,
1236 1061 1336 1117 visum
1349 1062 1447 1117 estet

189 1160 280 1225 milri,
305 1174 411 1215 omnes
430 1159 537 1224 ferme,
558 1160 608 1228 qui
628 1160 660 1214 in
680 1159 734 1215 hac
753 1173 844 1215 arena
864 1160 974 1215 versati
995 1161 1082 1229 sunt,
1101 1161 1156 1215 aut
1174 1159 1358 1215 obscuriores
1376 1172 1447 1214 esse

190 1271 279 1326 quam
308 1259 344 1313 ut
371 1272 389 1312 a
417 1257 516 1326 pueris
539 1256 762 1325 intelligantur,
781 1258 835 1312 aut
854 1256 1029 1325 prolixiores
1049 1271 1139 1325 quam
1159 1258 1194 1312 11
1212 1270 1340 1325 congrue
1358 1269 1445 1311 enar·

189 1357 309 1425 rentur,
327 1356 381 1410 aut
399 1356 479 1410 certe
498 1355 585 1409 tanta
604 1353 752 1409 brevitate
774 1354 940 1409 succinctos
959 1355 994 1411 ut
1014 1354 1217 1410 studiosorum
1229 1353 1331 1422 gulam
1344 1354 1447 1422 magis

188 1453 311 1508 irritent
337 1466 428 1521 quam
453 1452 575 1507 satient.
613 1451 692 1506 Sunt
710 1452 814 1506 tamen
834 1452 984 1517 nonnulli,
1005 1467 1133 1521 quorum
1152 1451 1287 1507 doctrina
1305 1451 1446 1516 (tametsi

189 1565 253 1606 rem
284 1551 380 1618 ipsam
410 1549 593 1604 dialecticam
624 1547 797 1604 doctissime
821 1548 1447 1616 111111111111111111111111111)1111111

191 1647 324 1716 publicae
342 1647 528 1703 christianae
547 1659 698 1709 censores,
722 1647 799 1713 quod
819 1660 929 1701 nomen
948 1660 1052 1701 eorum
1073 1646 1151 1701 male
1169 1645 1286 1710 audiat,
1302 1644 1448 1699 escholis

191 1744 303 1813 passim
322 1742 519 1811 exploditur'’.

226 1843 263 1897 In
291 1842 347 1896 hoc
374 1840 533 1909 opusculo,
562 1855 619 1908 quo
647 1840 815 1896 dialectices
835 1843 990 1909 praecepta
1010 1841 1162 1908 perspicue
1181 1840 1213 1895 et
1231 1839 1333 1894 ordine
1351 1852 1447 1907 expo-

191 1940 323 2003 nuntur,
352 1938 489 2006 sequitur
516 1938 719 2006 llacropedius
746 1937 970 2005 Augustinum,
999 1936 1175 2002 Boethium,
1203 1935 1380 2005 Agricolam.
1409 1966 1448 1975 —

193 2034 353 2091 Vocabulis
382 2035 480 2091 utitur
498 2035 531 2089 in
550 2035 605 2089 hac
624 2034 778 2101 disciplina
796 2034 857 2089 illis
876 2033 1061 2103 temporibus
1081 2034 1218 2103 usitatis,
1237 2032 1335 2102 qualia
1353 2034 1448 2089 srmt:

194 2148 254 2189 vox
273 2132 486 2203 significativa3
506 2133 630 2187 nomina
642 2131 843 2199 intelligentia
861 2147 925 2199 um;
940 2131 1141 2201 susceptibilis
1153 2132 1384 2199 contrariorum;
1397 2131 1449 2185 vis

192 2232 355 2300 digestiva,
384 2231 584 2299 progressiva,
613 2229 846 2299 apprehensiva;
865 2228 1117 2296 concupiscibilis,
1137 2226 1291 2283 irascibilis
1298 2243 1305 2294 ;
1324 2240 1448 2296 congre

191 2329 329 2398 gativus,
347 2329 581 2397 disgregativus3
602 2327 746 2396 quiditas;
765 2325 1000 2381 convertibiliter
1005 2343 1012 2393 3
1026 2340 1121 2393 equus
1133 2327 1181 2381 est
1193 2324 1306 2380 animal
1318 2323 1447 2380 brutum

194 2425 354 2491 hinnibile,
373 2426 428 2481 cet.

231 2523 377 2593 Exempla
411 2537 497 2591 saepe
532 2523 697 2578 sumuntur
730 2536 768 2576 ex
801 2522 864 2576 1111
892 2521 1083 2584 scholastica,
1113 2521 1146 2575 111
1174 2520 1387 2574 demonstrant
1415 2519 1448 2575 hi

193 2621 375 2691 syllogismi:

354 2773 467 2827 Omnes
487 2770 569 2839 probi
588 2768 718 2837 diligunt
738 2769 965 2836 praeceptorem.

354 2869 462 2924 Petrus
481 2882 540 2923 non
560 2867 658 2935 diligit
677 2866 896 2934 praeceptorem

356 2966 463 3021 Petrus
482 2966 575 3034 igitur
594 2964 704 3034 probus
722 2977 783 3018 non
802 2965 857 3017 est.

356 3116 481 3183 Quidam
500 3115 760 3170 contemnentium
781 3115 1001 3181 praeceptorem
1021 3124 1081 3164 non
1102 3108 1267 3176 proliciunt.

355 3212 468 3268 Omnes
487 3213 716 3268 contemnentes
735 3211 953 3280 praeceptorem
975 3209 1048 3263 sunt
1066 3205 1244 3262 scholastici.

359 3310 484 3378 Quidam
504 3310 597 3378 igitur
616 3308 861 3364 scholasticorum
880 3321 940 3361 non
961 3305 1128 3374 proliciunt.

355 3461 467 3516 Omnes
486 3460 624 3514 amantes
644 3457 799 3513 literarum
819 3456 972 3512 abstinent
991 3470 1009 3508 a
1034 3452 1109 3509 Vino
1127 3455 1159 3509 et
1177 3451 1300 3508 Venere.

357 3559 464 3614 Petrus
483 3572 544 3612 non
562 3557 695 3611 abstinet
714 3570 731 3610 a
751 3555 820 3608 vino
840 3557 871 3609 et
890 3567 1007 3608 venere.

355 3656 462 3710 Petrus
481 3655 574 3722 igitur
593 3668 653 3708 non
673 3655 720 3708 est
738 3666 845 3706 curans
863 3650 1028 3706 literarum.

234 3856 288 3913 Vel
318 3873 356 3914 ex
386 3860 557 3926 temporum
586 3856 769 3917 conditione,
798 3854 846 3909 ut:
876 3851 1006 3907 Karolus
1033 3852 1081 3906 est
1110 3850 1213 3914 homo,
1242 3849 1289 3903 est
1317 3850 1453 3916 quatuor

197 3958 367 4015 cubitorum
389 3954 589 4024 longitudine,
608 3955 655 4008 est
674 3952 819 4015 clemens,
838 3953 886 4005 111
907 3950 1133 4004 Rhomcnorum
1155 3947 1335 4015 Imperator,
1355 3945 1451 4001 blaxi-

196 4054 312 4110 miliani
333 4067 439 4122 nepos,
459 4051 645 4119 expugnavit
665 4050 818 4113 1111111111,
839 4049 1071 4115 impugnatura
1091 4046 1198 4109 Turca,
1218 4044 1266 4099 est
1284 4043 1317 4097 in
1331 4042 1453 4109 Sicilia,

195 4153 354 4207 coronatus
379 4149 427 4204 eet
452 4148 614 4209 Bononiae,
640 4161 720 4201 anno
745 4145 855 4200 aetatis
877 4159 947 4199 suae
967 4143 1132 4204 tricesimo,
1152 4142 1235 4196 sedet
1255 4142 1451 4209 purpuratus.

197 4247 334 4304 Studium
361 4247 515 4302 literarum
537 4248 585 4300 est
608 4245 695 4309 utile,
714 4244 811 4298 reddit
830 4242 982 4296 hominem
1004 4239 1221 4303 immortalem,
1239 4238 1451 4294 contemnitur

194 4363 212 4402 a
231 4346 350 4409 stultis,
369 4345 452 4412 viget
471 4343 596 4398 Traiecti
617 4342 664 4397 his
684 4341 880 4409 quantumvis
898 4338 1081 4393 calamitosis
1101 4335 1292 4404 temporibus.

232 4442 374 4498 Nonnulli
394 4456 500 4496 versus
519 4441 716 4495 inveniuntur
736 4439 803 4506 plus
823 4452 912 4505 quam
932 4435 1063 4490 barbari.
1084 4436 1131 4489 ut:

232 4541 252 4595 S
273 4540 496 4608 praecedentem
518 4538 611 4591 vertit
630 4552 687 4590 1111
708 4535 862 4604 (pliciter),
882 4534 904 4587 P
924 4547 980 4600 que
1001 4546 1052 4600 per
1070 4533 1129 4586 acci
1151 4531 1256 4595 (densi.

233 4638 331 4692 Mutat
350 4638 530 4705 praemissas
549 4637 592 4704 111,
611 4635 631 4689 (1
652 4649 708 4702 que
727 4633 842 4687 reducit
861 4632 897 4686 ad
918 4632 1031 4698 imposs
1050 4629 1150 4698 (ibilei.
