3270 5310
787 412 846 474 171

190 605 268 669 625.
316 602 403 683 Quin
427 606 463 669 te
487 620 584 685 mage
607 605 718 668 ausim
742 602 921 668 criminum
945 608 1048 685 caput
1070 605 1222 670 omnium

315 719 546 800 contendere,
570 722 690 800 utpote
715 736 802 799 quae
827 722 888 783 tua
910 719 1122 800 indulgentia

317 835 418 900 Pueri
442 835 591 899 indolem
614 835 738 914 alioqui
761 835 885 899 bonam
909 835 1111 916 corruperis,

316 951 399 1017 Mrs.
424 951 577 1018 Mentiris
600 951 708 1016 istaec
732 952 863 1031 omnia,
887 951 1055 1016 insulsum
1079 957 1190 1033 caput.

316 1067 407 1132 Num
430 1084 539 1132 annos
562 1084 647 1147 puer
670 1066 729 1131 vix
753 1066 1009 1147 quatuordecim
1032 1067 1162 1133 babens
1187 1068 1245 1132 tibi

217 1194 224 1206 ·
262 1235 268 1248 .
316 1181 545 1264 Scortabitur‚
569 1182 754 1263 furabitur,
777 1182 1024 1247 bacchabitur?

316 1297 430 1378 Egone
454 1297 565 1364 eidem
589 1297 699 1362 omnis
723 1297 801 1361 mali
827 1298 902 1362 dedi
928 1298 1117 1379 originem?

317 1412 407 1477 Hem
431 1413 508 1494 tibi,
533 1416 636 1493 caput
659 1413 935 1478 stolidissimum!
983 1414 1039 1479 Sic
1063 1415 1172 1496 disce,
1197 1416 1244 1479 sic

318 1528 415 1593 Disce
440 1528 573 1609 obloqui
598 1529 806 1593 mendaciter
830 1529 928 1611 mihi,
951 1530 1131 1609 impudens

320 1642 491 1726 Nugatur,
514 1646 753 1724 insontemque
777 1646 918 1709 caedere
942 1644 1065 1710 fllium!

218 1769 227 1822 ὲ
263 1812 270 1825 .
319 1759 402 1826 Gan.
427 1759 541 1825 Prima
564 1761 648 1825 haec
672 1760 797 1841 seram,
823 1777 900 1824 mea
923 1777 1027 1842 uror,
1052 1761 1113 1825 abs
1138 1765 1173 1826 te
1197 1764 1358 1843 verbera,

318 1875 448 1940 Verum
471 1875 622 1941 secunda
645 1877 673 1940 si
697 1875 805 1940 feram
829 1876 896 1939 iam
920 1877 1043 1942 nescio.

318 1990 400 2058 Mus.
425 1992 529 2057 Feres
553 1992 704 2057 secunda
727 1994 763 2056 et
787 1991 908 2074 tertia,
934 1993 1034 2057 modo
1057 1992 1170 2073 pergis
1193 1993 1256 2058 hoc

319 2107 416 2172 Modo
439 2108 539 2187 loqui.
587 2108 670 2172 Gru.
696 2107 790 2172 Heu!
827 2107 909 2173 Mus,
936 2107 986 2173 Ne
1011 2107 1071 2189 lle,
1093 2107 1212 2172 miser!
1239 2108 1322 2173 Gan.
1340 2109 1442 2173 Certe

1276 2225 1393 2289 miser!

319 2337 401 2404 llus.
427 2337 481 2402 Sic
506 2342 599 2420 terge
624 2340 762 2414 ocellos,
787 2343 891 2420 atque
915 2341 969 2404 abi
993 2340 1025 2404 in
1050 2340 1172 2405 malam
1198 2357 1352 2421 crucem,

208 2456 215 2476 '
264 2504 271 2518 .
319 2453 407 2518 Nam
430 2454 560 2519 senties
585 2455 700 2536 peiora
722 2457 750 2519 si
776 2457 968 2522 reverteris.

659 2715 968 2731 ——-—-——..-—.-

427 2953 561 3031 Actus
599 2954 770 3031 tertius.
843 2952 1008 3031 Scaena
1046 2956 1210 3051 quarta.

490 3413 686 3478 Guoaruus.
735 3412 905 3477 Gadanus.
954 3412 1155 3477 Mrsnnnaa

321 3605 473 3686 Strepuit
496 3606 618 3671 domus
642 3606 753 3671 vicina
777 3607 878 3669 turba
900 3609 962 3669 aut
984 3606 1109 3687 iurgio;

323 3720 451 3786 Videbo
475 3721 553 3802 quid
579 3722 654 3786 siet.
702 3721 852 3785 Galenus
875 3723 969 3784 astat
991 3720 1045 3785 bic

321 3837 408 3901 Prae
431 3837 568 3902 foribus.
615 3836 729 3915 HeuS,
753 3837 881 3916 vicine,
906 3836 985 3915 quid
1009 3835 1130 3900 faciem
1153 3836 1282 3900 fricas?

322 3950 406 4031 Quid
430 3952 576 4033 lippiunt
600 3952 711 4016 oculi?
759 3952 844 4032 Quid
869 3952 960 4032 aegri
984 3969 1105 4032 passus
1129 3953 1193 4017 es?

267 4123 273 4135 .
323 4068 405 4134 (iun.
431 4068 579 4133 Fumosa
602 4069 724 4132 domus
748 4073 819 4149 est,
845 4075 881 4132 et
904 4068 1008 4133 oculis
1033 4067 1117 4132 meis
1141 4068 1222 4132 nibil

322 4184 429 4249 Fumo
453 4184 648 4266 molestius3
674 4184 824 4263 adeoque
850 4200 927 4248 cum
952 4199 1028 4248 mea

200 4342 203 4354 2
323 4299 495 4364 Uxorcula
518 4299 671 4379 iurgatus
695 4316 798 4378 exe0;
823 4298 972 4379 propulit

321 4414 525 4495 Fumusque.
552 4414 658 4479 Guon.
685 4414 770 4493 Quid
794 4414 935 4478 fumus?
959 4431 1037 4478 cum
1062 4416 1098 4477 et
1116 4414 1188 4494 ipse
1204 4429 1313 4477 annos
1328 4415 1446 4478 decem

322 4528 557 4594 Habitaverim
581 4530 669 4593 hano
693 4529 849 4609 domum,
874 4546 936 4593 neo
960 4546 1111 4608 unqua-m
1134 4528 1237 4616 (quod
1263 4528 1384 4617 sciam)

199 4646 274 4711 650.
323 4645 429 4710 Fumo
453 4645 632 4710 molestam
656 4662 778 4726 passus
802 4645 875 4711 sim.
923 4644 1005 4710 Gan.
1032 4644 1086 4709 Sic
1110 4648 1181 4723 est,
1205 4643 1292 4710 vide.
