3270 5310
726 384 768 449 25

127 594 250 642 versus
281 577 338 642 diu
369 576 526 641 meditari
558 594 626 642 non
654 580 772 658 posset
795 577 927 643 factum
950 580 1005 642 est
1028 581 1069 643 ut
1091 578 1131 643 iis
1155 595 1242 658 quae
1266 580 1376 660 prima

125 710 164 758 se
195 692 358 757 offerrent
385 693 500 758 verbis
523 710 608 758 usus
631 693 687 758 sit.
735 692 858 758 Verbis
882 695 1000 758 autem
1023 694 1183 758 abundat.
1232 694 1377 760 Excellit

126 809 216 874 enim
252 809 411 874 ubertate
445 810 482 873 et
516 809 628 890 copia,
663 808 724 873 sed
759 812 800 873 ut
831 825 875 873 ex
905 809 947 873 iis
977 826 1065 889 quae
1097 809 1245 874 diximus
1278 810 1374 875 facile

125 924 326 1005 intelligitur
345 924 438 989 haud
461 940 619 989 morosus
642 927 698 989 est
719 924 755 988 in
774 924 926 1004 delectu;
942 925 1059 1005 itaque
1075 925 1248 990 vocabulis
1265 927 1374 992 ut'tur

125 1057 171 1105 ex
202 1040 359 1105 omnibus
390 1039 542 1104 omnium
568 1042 725 1104 aetatum
748 1042 785 1104 et
807 1057 971 1120 generum
994 1040 1216 1120 scriptoribus
1238 1041 1373 1123 petitia,

126 1157 168 1221 ab
192 1156 341 1236 antiquis
364 1155 500 1220 comicis
524 1172 633 1236 usque
653 1155 696 1220 ad
714 1155 899 1236 Vulgatam
916 1154 1040 1221 Sacrae
1058 1154 1253 1236 Scripturae
1269 1156 1374 1221 luter·

126 1272 353 1353 pretationem
376 1274 413 1337 et
436 1270 626 1352 Scriptores
649 1271 915 1336 Ecclesiasticos.
962 1271 1045 1336 lude
1070 1288 1184 1336 sermo
1204 1272 1277 1336 eius
1293 1272 1375 1336 mul·

128 1388 234 1468 tiplex
269 1389 324 1451 est
358 1403 398 1450 ac
433 1386 519 1450 mira
553 1387 722 1452 varietate
753 1387 904 1467 insignis,
953 1385 1047 1466 Quod
1079 1386 1178 1467 quale
1209 1387 1256 1451 sit
1283 1403 1374 1451 nunc

127 1502 319 1568 accuratius
354 1503 452 1567 nobis
485 1502 763 1583 investigandum
797 1508 861 1566 est.
913 1502 1034 1582 ltaque
1069 1502 1217 1583 primum
1251 1503 1373 1582 quibus

125 1636 170 1683 ex
201 1619 353 1683 fontibus
384 1617 550 1683 vocabula
580 1620 617 1682 et
640 1617 828 1682 locutiones
851 1617 1023 1698 hauserit,
1048 1634 1134 1697 quos
1157 1617 1373 1697 potissimum

125 1735 296 1816 imitetur,
328 1751 416 1815 quae
447 1734 604 1814 exempla
635 1736 777 1798 secutus
807 1734 871 1814 sit,
903 1733 1024 1798 deinde
1052 1750 1140 1813 quae
1163 1749 1276 1798 sermo
1301 1734 1374 1798 eius

124 1851 259 1932 propria
281 1851 407 1915 habeat
430 1849 691 1931 explorabimus.
739 1848 961 1930 Reperiamus
984 1852 1122 1930 praeter
1145 1865 1186 1913 ea
1209 1848 1375 1913 vocabula

126 1983 213 2046 quae
244 1967 395 2031 omnium
427 1965 484 2046 qui
515 1966 635 2030 Latine
663 1965 817 2030 scribunt
840 1965 1033 2030 communia
1056 1968 1140 2029 sunt
1162 1965 1271 2029 multa
1295 1982 1374 2030 eum

125 2082 248 2150 habere
284 2080 459 2162 Plautina,
495 2082 604 2146 multa
635 2083 775 2162 sumpta
805 2097 850 2145 ex
883 2079 988 2145 Sacra
1012 2080 1187 2160 Scriptura
1210 2084 1247 2145 et
1269 2080 1374 2161 scrip-

126 2198 256 2263 toribus
294 2197 551 2278 ecclesiasticis‚
587 2197 750 2262 nonnulla
784 2213 872 2276 quae
907 2196 996 2277 apud
1031 2197 1144 2277 epicos
1179 2198 1215 2260 et
1250 2196 1373 2278 lyricos

124 2318 246 2395 poetas
280 2315 459 2396 praecipue
494 2314 731 2394 inveniantur,
763 2313 925 2378 nonnulla
956 2313 1100 2392 denique
1128 2329 1215 2393 quae
1239 2311 1373 2393 propria

127 2431 309 2495 videantur
332 2433 367 2496 et
391 2430 581 2511 peculiaria.
627 2429 723 2494 Haec
748 2430 861 2494 omnia
882 2431 1065 2508 postquam
1082 2428 1198 2492 ordine
1215 2427 1373 2508 exposita

125 2549 229 2612 erunt
245 2547 364 2611 deinde
381 2546 423 2610 de
438 2545 566 2626 reliqua
582 2544 750 2610 sermonis
767 2544 1014 2625 Macropediani
1026 2544 1157 2608 ratione
1171 2543 1370 2608 videbimus.

124 2869 249 2937 urgente
276 2869 456 2935 tempestate
486 2882 606 2935 prorsus
624 2868 668 2923 ita
686 2870 722 2923 ut
740 2868 787 2921 est
806 2867 941 2922 absoluta
960 2868 1016 2931 sit,
1036 2865 1130 2921 nihilo
1148 2866 1251 2920 tamen
1270 2865 1372 2919 minus

125 2957 265 3012 exsecuto
295 2971 418 3012 munere
445 2955 630 3012 scholastico.
667 2955 708 3012 ef.
727 2956 819 3011 etiam
840 2955 1038 3023 praefationes
1055 2955 1088 3010 in
1106 2954 1271 3021 Jossphum
1290 2955 1321 3008 et
1339 2954 1372 3007 in

124 3046 293 3101 Bassorum.
