3270 5310
752 378 812 441 111

637 649 927 716 CAPUTX.

403 863 646 959 anaphora.
684 863 939 942 Antithesis.
978 865 1165 943 iteratio.

200 1071 433 1153 Macropedius
468 1075 508 1135 ut
542 1075 597 1136 est
631 1071 776 1152 simplex
812 1076 848 1137 et
879 1073 1008 1137 usitato
1040 1090 1196 1139 sermone
1221 1077 1405 1141 contentus

156 1188 272 1269 figuris
307 1186 485 1252 rhetoricis
519 1204 595 1252 raro
628 1188 747 1253 utitur.
795 1188 909 1253 Unam
943 1191 1059 1254 tamen
1097 1192 1214 1255 crebro
1249 1192 1403 1274 adhibet,

156 1303 364 1386 anaphoram
397 1303 488 1383 dioc,
520 1306 556 1367 et
586 1319 689 1384 saepe
721 1304 857 1384 quidem
887 1322 965 1369 cum
990 1305 1153 1370 antithesi
1177 1307 1403 1372 coniunctam.

200 1418 293 1498 Quae
329 1419 395 1484 etsi
429 1419 543 1483 minus
576 1419 723 1484 fortasse
754 1420 796 1483 ad
827 1421 993 1484 comicum
1017 1437 1210 1486 sermonem
1233 1424 1404 1503 pertinere

155 1535 291 1600 videtur
326 1537 443 1600 tamen
478 1537 541 1601 hoc
576 1534 648 1600 loco
683 1552 759 1600 eam
795 1538 1010 1601 tractandam
1042 1538 1170 1618 putavi,
1218 1539 1404 1620 Anaphora

154 1651 243 1715 enim
280 1651 330 1715 ita
364 1653 405 1715 ut
436 1650 619 1715 verborum
650 1650 835 1715 cumulatio
865 1651 908 1715 ad
933 1652 1002 1714 vim
1026 1652 1188 1717 orationis
1212 1653 1403 1734 augendam

154 1766 304 1831 adhiberi
327 1765 431 1849 solet,
455 1783 495 1830 ac
519 1783 620 1848 saepe
645 1783 768 1831 versus
792 1767 847 1831 vel
867 1784 1030 1832 versuum
1047 1771 1163 1849 partes
1179 1785 1266 1848 quae
1282 1769 1402 1833 iisdem

157 1881 328 1947 vocabulis
351 1882 515 1964 incipiunt
539 1882 654 1947 exitus
679 1899 812 1962 quoque
831 1883 959 1947 habent
975 1884 1112 1948 eosdem
1129 1884 1183 1948 vel
1200 1885 1401 1951 consimiles.

155 1996 265 2076 Quare
289 1998 482 2080 anaphorae
506 2015 591 2063 usus
613 1999 653 2063 iis
677 2015 764 2077 quae
789 1999 823 2062 in
848 1999 1076 2079 superioribus
1095 2000 1262 2081 capitibus
1279 2002 1401 2064 tracta·

153 2113 267 2178 vimus
284 2114 392 2179 affinis
409 2131 485 2179 esse
502 2115 676 2195 putandus
692 2118 756 2179 est.
780 2114 985 2195 Anaphorae
1001 2117 1118 2178 autem
1131 2132 1208 2179 cum
1221 2115 1400 2197 pleraeque

151 2229 186 2295 in
209 2230 323 2312 lyricis
346 2231 552 2295 carminibus
575 2233 612 2294 et
635 2230 669 2293 in
692 2229 885 2294 fabularum
908 2229 1018 2294 chon's
1042 2230 1261 2295 inveniantur
1284 2248 1328 2295 ex
1348 2231 1401 2295 his

151 2346 298 2427 primum
322 2345 483 2410 nonnulla
507 2346 664 2427 exempla
687 2345 870 2410 afferimus.

186 2495 341 2551 cantilena
358 2496 431 2550 anni
450 2495 500 2565 51,
518 2496 633 2550 tib-72.

420 2593 455 2647 Te
474 2592 565 2660 pelles
584 2593 717 2662 variant,
738 2593 812 2647 hunc
830 2607 925 2660 neque
944 2592 1043 2661 lanea,

421 2690 456 2744 Tc
476 2689 595 2756 plumae
615 2688 764 2758 refovent,
785 2689 859 2744 bunc
878 2704 973 2757 nequo
992 2691 1144 2758 gramina,

419 2787 454 2841 Te
473 2788 552 2842 tecta
571 2787 633 2842 alta
652 2789 773 2856 tenent,
793 2787 868 2841 1111111
885 2802 954 2842 casa
973 2788 1060 2842 vilior

523 2884 566 2938 En
587 2899 678 2952 quam
698 2885 901 2940 christicolam
921 2886 1020 2940 refers.

417 2981 477 3036 Nos
500 2981 600 3037 natale
620 2982 718 3037 solum
738 2997 889 3050 vernaque
908 2984 1058 3050 tempora,

414 3077 474 3134 Nos
494 3080 623 3134 matrem
643 3079 744 3147 genesi
764 3080 889 3133 divitem
908 3081 939 3134 et
958 3078 1104 3147 inclytam

414 3174 474 3231 Nos
494 3190 576 3231 ceras
596 3176 734 3243 cupimus
753 3177 915 3230 stemmate
934 3176 1118 3246 splendidas,

520 3273 577 3327 Hic
599 3287 791 3341 quaecunque
812 3273 938 3327 molesta
957 3276 1040 3329 sunt.

218 3396 287 3453 Hac.
306 3396 343 3452 86
366 3411 430 3465 sqq.
468 3396 541 3466 outa
561 3397 616 3451 tibi
636 3411 758 3464 gazam,
777 3395 927 3465 moriture,
949 3397 1073 3452 condis?

469 3494 542 3563 Quid
558 3493 748 3562 voluptates,
767 3494 918 3563 oneribus,
940 3494 1084 3549 anhelas?

468 3591 541 3661 Quid
558 3591 605 3645 vel
624 3590 761 3660 affectas,
780 3592 916 3645 moriture
936 3592 1063 3645 honores

663 3689 867 3743 interituros?

251 3812 345 3867 Andr.
363 3811 418 3866 436
436 3827 498 3879 sqq.
536 3811 671 3867 Luxuria
689 3826 795 3879 corpus
814 3812 970 3881 inquinat,

535 3909 669 3964 Luxinio
688 3911 821 3964 urentem
841 3909 1009 3972 obnubilat,

534 4006 668 4062 liaaurio
686 4008 802 4061 cunctis
822 4008 960 4062 sensibus

584 4104 784 4159 vivacitatem
803 4105 944 4160 detrahit.

179 4225 271 4280 Andr.
290 4226 344 4282 256
379 4226 426 4290 (de
445 4226 530 4280 bonis
548 4226 730 4294 agricultura
751 4228 873 4292 paratis)

560 4322 611 4377 b'd
628 4322 742 4390 colligis
762 4323 809 4378 his
828 4324 938 4379 iustius

561 4420 613 4475 Nil
634 4421 797 4485 possidebis
815 4423 926 4484 tutius,

560 4515 613 4571 lt'il
632 4516 679 4569 his
699 4517 848 4585 relinques
867 4517 987 4583 dignius

605 4612 676 4666 Tuis
695 4612 816 4667 beandis
836 4613 943 4668 liberis.
