3270 5310
739 442 803 506 139

593 669 801 733 CAPUT
841 669 936 734 XVI.

446 865 508 941 De
547 863 810 961 Macropedii
847 835 1112 961 lipistollca,¹

190 1074 239 1138 De
274 1072 452 1154 Epistolica
482 1089 592 1154 pauca
622 1071 655 1136 iu
679 1073 845 1153 prioribus
870 1072 1149 1151 observavimus,
1174 1073 1334 1138 nonnulla
1358 1074 1392 1137 in

145 1188 422 1255 adnotationibus
457 1188 498 1252 ad
534 1188 727 1253 Petriscum
762 1188 944 1252 tractaturi
975 1204 1114 1268 eumue,
1147 1188 1275 1267 reliqua
1306 1206 1394 1268 quae

146 1305 289 1370 seorsim
319 1307 469 1368 tractare
501 1303 611 1369 satius
635 1304 748 1368 visum
772 1305 828 1368 est
850 1304 967 1384 paucis
991 1303 1219 1370 absolvemus.
1268 1304 1307 1368 In
1329 1305 1392 1369 hoe

146 1418 307 1501 opusculo
341 1418 545 1499 Macropedii
581 1435 693 1483 sermo
728 1435 797 1483 non
831 1419 977 1483 multum
1013 1418 1146 1484 differre
1183 1419 1320 1484 videtur
1350 1421 1394 1483 ab

146 1534 288 1600 aliorum
323 1535 396 1599 eius
431 1534 557 1598 aetatis
589 1534 740 1599 virorum
772 1534 950 1599 doctorum
980 1551 1103 1614 genere
1132 1532 1279 1617 dicendi,
1304 1535 1392 1614 quod

146 1667 353 1731 quamquam
392 1649 590 1730 plerumque
633 1649 806 1729 aliquanto
844 1651 962 1731 purius
998 1654 1034 1714 et
1068 1651 1283 1716 emendatius
1319 1654 1396 1715 erat

147 1783 249 1847 quam
280 1764 430 1846 vulgaris
462 1768 498 1829 et
530 1740 715 1844 quotidiani
739 1765 906 1829 sermonis
929 1766 1159 1850 consuetudo,
1184 1769 1393 1830 nontamen

147 1883 180 1946 in
217 1883 372 1947 omnibus
404 1898 481 1946 cum
513 1883 688 1948 veteribus
719 1881 940 1962 scriptoribus
970 1882 1195 1962 congruebat,
1229 1883 1396 1961 aquibus

148 1997 381 2079 llaeropedius
412 2014 545 2077 quoque
576 1998 611 2062 in
642 1997 810 2062 nonnullis
842 1997 994 2063 discedit.
1043 1997 1147 2063 Velut
1177 1998 1263 2061 satis
1287 1996 1393 2060 multa

148 2112 312 2179 vocabula
334 2113 440 2177 habet
462 2114 658 2193 posterioris
682 2117 719 2178 et
742 2116 935 2193 postremae
959 2112 1155 2176 Latinitatis
1171 2114 1211 2176 ut
1227 2112 1395 2175 adiectiva

148 2230 246 2293 in-
273 2229 328 2292 ilis
359 2229 550 2293 desinentia
581 2228 692 2309 qualia
724 2231 820 2293 sunt:
858 2228 1086 2308 intellipibilis,
1119 2227 1395 2307 interpretabilis,

148 2344 401 2424 inoeatipabilis,
437 2344 738 2423 immarcescibilis,
774 2343 971 2425 ineffabilis,
1008 2342 1278 2417 irremediabilis,
1317 2343 1396 2406 irrc-

145 2460 314 2541 futabilis,
354 2459 668 2541 irreprehensibilis,
696 2459 884 2540 possibilis,
920 2458 1151 2538 impossibilis,
1171 2457 1393 2538 pbilsibilior.

149 2576 225 2640 Alia
259 2579 343 2640 suut
377 2576 478 2639 haec:
515 2579 703 2653 coetaneus,
739 2575 977 2655 confusaneas,
1014 2591 1240 2655 manuarens,
1272 2576 1396 2637 conten·

148 2693 269 2773 liaeus,
312 2689 514 2771 uniformis,
558 2692 848 2771 desperabundus,
891 2690 1138 2772 lapsabnuclus,
1182 2690 1396 2759 sitibundus.

148 2806 326 2887 condaris,
365 2808 662 2887 morriuulentibnae
696 2808 801 2872 letalis
836 2807 961 2882 hostis,
996 2807 1186 2886 pratiludo,
1222 2807 1395 2877 nimietas,

149 2923 397 2995 nzonnrocttac,
434 2925 645 3004 moratositus,
679 2924 918 3002 rnnaeroeitas,
950 2922 1194 3003 philosophiam
1218 2921 1396 3002 apprehen-

149 3038 226 3103 dere
259 3045 314 3115 (ε
346 3037 504 3120 discere),
537 3040 685 3120 obviare,
712 3041 905 3119 picturare,
937 3055 995 3103 oro
1019 3038 1257 3118 paternitatem
1282 3040 1396 3117 tuam,

149 3153 342 3234 trivialiter,
367 3154 492 3218 amodo.

195 3268 333 3333 Poetica
356 3269 426 3334 fere
450 3273 550 3334 suut:
568 3288 641 3349 cerr,
659 3270 828 3349 curtilicius
844 3299 885 3326 =
903 3273 1095 3350 certamen,
1112 3272 1208 3332 satus
1221 3298 1262 3325 =
1277 3272 1398 3347 natus,

150 3387 323 3468 eruemus,
351 3387 566 3466 minraeous,
598 3386 731 3450 divinas
762 3386 880 3449 laudes
903 3402 1096 3465 personare.
1130 3384 1271 3448 Rariora
1294 3384 1398 3447 habet

151 3501 336 3582 quaedam,
360 3518 404 3565 ex
428 3501 550 3580 quibus
574 3502 735 3565 nonnulla
758 3501 905 3564 fortasse
928 3502 1000 3580 ipse
1024 3499 1141 3580 finxit,
1159 3500 1272 3564 velut:
1290 3502 1398 3564 carrli-

148 3617 250 3692 lieina
271 3616 471 3692 crudelitas,
497 3617 660 3682 eliabictio
684 3649 725 3671 =
750 3616 919 3680 severit-rs
943 3613 1137 3703 (districtus
1161 3615 1398 3703 luriculae),

151 3731 369 3813 diiudicant,
409 3734 628 3812 uitelperiunr,
668 3734 796 3812 lapides
834 3733 999 3813 enrbrtiles
1036 3729 1235 3819 (sculpendo
1271 3731 1400 3809 idonei)

151 3848 253 3912 ‹lebite
288 3877 329 3903 =
365 3852 404 3912 ut
435 3849 553 3925 debet,
586 3849 765 3927 affectuosa
796 3849 1006 3928 deprecatio,
1037 3848 1141 3924 ficulna
1164 3846 1398 3925 ‹considerare,

146 3964 355 4044 proainiior,
377 3966 541 4044 petronia,
567 3964 757 4044 refocillatio
781 3968 844 4029 cet.

197 4078 319 4144 Sacrae
344 4079 539 4159 Scripturas
563 4080 710 4160 linguam
735 4081 904 4145 referunt:
936 4079 1092 4144 Christus
1117 4096 1199 4143 suus
1216 4078 1400 4142 aeneadum

151 4212 286 4260 cornera
314 4195 419 4273 iilius,
445 4197 654 4261 transitoriis
679 4197 827 4277 irrbiare,
853 4198 889 4259 in
914 4195 1043 4260 Cirrictu
1068 4196 1190 4275 uiuere,
1215 4212 1293 4258 earo
1316 4195 1398 4257 uiui-

150 4312 288 4393 ficata,
312 4314 499 4376 sentinatur
522 4315 559 4376 ia
582 4315 808 4393 corruptione,
833 4313 908 4376 alia.
944 4312 995 4375 Ex
1020 4311 1218 4391 quotidiano
1242 4327 1399 4374 sermone

152 4430 290 4506 sumpta
313 4431 411 4490 sunt:
438 4428 615 4507 blaterare,
641 4429 857 4508 cleblaterare,
875 4429 1057 4499 blateratis.
1076 4427 1131 4492 vel
1149 4427 1278 4490 triadica
1289 4427 1401 4506 portio

153 4543 289 4622 arcentis,
321 4561 439 4607 aarum
470 4543 587 4609 lactere
618 4545 656 4609 de
688 4546 775 4610 bono
799 4546 948 4618 nomine,
975 4560 1112 4609 crrecum
1136 4560 1253 4607 errare
1273 4540 1400 4619 facere,

153 4657 294 4722 vulnera
317 4659 544 4724 recrudescere
564 4661 641 4739 feeit
665 4667 730 4728 eet.
