3270 5310
765 407 809 473 63

161 598 195 652 in
214 610 306 652 manu
326 609 406 666 mea,
426 596 482 652 tuli
501 611 570 666 ergo
590 612 665 652 uras
677 600 708 653 et
720 613 768 652 ex·
814 599 942 655 Videbar
960 603 991 655 et
1010 616 1102 657 manu
1123 618 1189 658 moa
1208 605 1309 658 tenere
1329 619 1377 658 me

812 696 937 752 Calicem
967 698 1112 754 Parhonis
1139 715 1278 770 aureum,
1299 702 1419 770 vinique

1299 799 1324 852 ei
1344 813 1382 852 ex

161 895 270 950 tradidi
290 894 429 963 poculum
449 895 604 950 Pharaoni.
813 889 887 946 Uvis
907 891 1051 960 liquorem
1071 895 1243 962 imprimere
1262 895 1418 963 liquidissi-

1232 1007 1333 1061 mum,
1352 995 1382 1047 et

813 1087 962 1154 Porrigere
988 1089 1049 1156 regi
1076 1089 1223 1157 poculum.
1257 1087 1335 1144 Hem
1354 1104 1418 1143 nos·

162 1195 238 1249 tatio
266 1195 392 1249 somnii:
421 1193 492 1249 Tres
511 1196 687 1263 propagines
706 1197 768 1249 tres
1221 1187 1304 1242 trum
1328 1187 1381 1241 tibi

813 1281 1012 1335 insomnium.
1041 1284 1098 1338 Ios.
1119 1283 1213 1353 Euge,
1232 1284 1417 1340 insomnium

1171 1380 1238 1434 boni
1258 1381 1368 1434 ominis
1375 1398 1382 1448 ;

161 1494 282 1549 dabitur
312 1494 427 1549 Pharao
459 1495 619 1549 ministerii
650 1497 710 1564 tui,
737 1496 769 1548 et
812 1474 890 1529 Nam
918 1476 950 1529 in
979 1477 1040 1531 ΜΘ
1068 1478 1130 1532 tres
1160 1478 1335 1546 limpassissffl
1357 1480 1419 1532 ⁸10⁸

1213 1576 1286 1629 sunt
1305 1575 1382 1639 dies,

1027 1672 1123 1726 Parho
1153 1673 1198 1727 tui
1232 1673 1418 1740 meminerit,

162 746 256 814 pressi
280 746 312 801 in
331 745 452 802 calicem
472 762 560 814 quem
581 748 718 803 tenebam
738 750 769 804 et

198 1043 363 1111 Respondit
388 1044 511 1113 Ioseph:
537 1045 609 1100 haec
627 1046 767 1115 interpre-

161 1343 259 1400 adhuc
286 1344 349 1399 dies
377 1345 464 1414 sunt,
493 1345 561 1411 post
586 1359 660 1413 quos
678 1359 767 1400 recor.

162 1643 304 1699 restituet
322 1645 353 1698 te
371 1644 403 1698 in
421 1645 547 1712 gradrun
564 1646 768 1712 pristinum..
813 1670 884 1725 Post
920 1685 994 1738 quos

163 1792 294 1847 Tantum
326 1795 479 1848 memento
512 1794 569 1848 mei
598 1809 667 1849 cum
696 1795 768 1850 bene
1242 1771 1332 1838 ³thss
1353 1771 1382 1823 ῐθ

813 1866 967 1920 Restituet
985 1866 1064 1921 ultro
1082 1867 1223 1934 dignitati
1243 1867 1394 1934 pristinae.

163 1942 217 1997 tibi
231 1942 320 1998 fuerit
334 1981 341 1994 .
356 1982 360 1993 .
377 1983 382 1994 .
398 1985 404 1999 .
418 1945 454 1998 11
467 1958 608 2012 suggeras
622 1944 767 2000 Pharaoni
813 1963 894 2018 Tunc
919 1963 1052 2032 Obfflcm,
1076 1978 1145 2018 cum
1166 1963 1243 2019 laeta
1261 1966 1368 2019 cuncta
1387 1966 1418 2018 et

1244 2075 1382 2130 prospera

813 2158 875 2212 Tibi
886 2158 1007 2228 fuerint,
1019 2159 1064 2213 tui
1078 2160 1229 2213 memento
1237 2159 1417 2226 interpretis

164 2239 244 2296 surm
263 2241 400 2297 sublatus
419 2257 488 2298 ⁸1¹1ss
504 2245 539 2298 de
552 2245 632 2299 ῐθΐῐὸ
645 2243 768 2299 Ηθῧΐὸθ·
813 2256 856 2311 Ut
875 2270 1017 2324 suggeras
1036 2257 1096 2323 regi
1111 2256 1253 2324 Parhoni‚
1266 2270 1323 2324 quo
1337 2257 1418 2311 sinat

1334 2367 1381 2406 me

812 2451 857 2504 Ex
876 2464 990 2505 carcere
1007 2450 1062 2505 hoc
1074 2451 1203 2519 educier,
1217 2451 1294 2518 quod
1307 2465 1344 2505 ax
1359 2452 1416 2505 mei

163 2542 276 2597 missus
294 2557 372 2598 sum.
812 2548 909 2602 Patris
928 2548 1015 2601 domo
1035 2547 1141 2602 furtim
1160 2549 1246 2602 actus
1260 2562 1417 2603 111111111-

1292 2646 1381 2700 datus

811 2743 889 2812 Sim,
921 2745 951 2798 et
981 2744 1124 2799 innocens
1151 2745 1184 2799 in
1211 2744 1291 2799 hunc
1320 2744 1417 2798 lacum

1155 2842 1295 2895 detrusus
1314 2843 1380 2895 sim.

164 2093 199 2146 ut
222 2093 328 2148 educat
353 2107 401 2147 me
419 2094 456 2148 de
475 2095 533 2148 isto
552 2109 680 2165 carcere,
700 2097 769 2163 quia

163 2406 264 2462 orum,
295 2395 325 2448 et
357 2393 405 2449 hic
436 2394 578 2449 innocens
602 2394 641 2449 in
671 2394 767 2450 lacum

208 2979 311 3045 Plura
345 2980 511 3045 eiusmodi
545 2997 589 3045 ex
624 2981 769 3065 Lazaro,
805 2982 966 3065 losepho,
1002 2982 1153 3064 Adamo,
1186 2983 1407 3065 Hypomone,

164 3095 243 3161 Iesu
277 3095 479 3161 scholastico
514 3096 627 3161 afferri
662 3100 816 3177 possunt.
869 3097 1066 3178 Complures
1101 3115 1235 3178 quoque
1270 3098 1409 3163 Davidis

164 3211 312 3293 psalmos
328 3211 562 3293 Macropedius
578 3212 734 3277 versibus
751 3213 937 3294 expressit,
954 3229 972 3277 1
989 3214 1111 3293 quibus
1127 3231 1233 3277 unum
1250 3214 1408 3295 adiciam,

163 3327 333 3408 psalmum
367 3327 454 3407 ΧΠ,
490 3344 593 3407 quem
627 3328 679 3392 bis
713 3329 853 3393 metrice
885 3329 1007 3407 vertit,
1039 3329 1074 3392 in
1104 3329 1232 3393 Lazaro
1256 3329 1409 3394 dimetria

163 3441 332 3522 iambicis,
356 3442 390 3506 in
415 3442 558 3523 losepho
581 3444 753 3525 glyconeis
776 3461 869 3509 usus
918 3444 1067 3525 Vulgata
1089 3444 1194 3509 habet
1216 3445 1314 3508 haec:

199 3584 223 3638 1.
251 3584 353 3652 Usque
382 3598 440 3652 quo
468 3584 594 3639 Domine
622 3586 803 3641 oblivisceris
832 3601 879 3641 me
908 3587 939 3641 in
964 3587 1078 3642 finem?
1116 3587 1278 3656 Usquequo
1296 3589 1408 3642 avertis

250 3680 356 3736 faciem
375 3682 461 3735 tuam
480 3696 497 3736 a
516 3683 585 3737 mei

199 3777 224 3833 2.
252 3776 398 3844 Quamdiu
426 3792 535 3846 ponam
564 3780 687 3834 consilia
715 3782 745 3835 in
773 3781 875 3835 anima
904 3796 984 3845 msa,
1013 3781 1144 3836 dolorem
1171 3782 1202 3835 in
1230 3782 1316 3836 corde
1342 3796 1407 3835 meo

252 3887 303 3942 per
320 3873 422 3929 diem?

198 3970 223 4025 3.
251 3969 413 4039 Usquequo
432 3972 614 4028 exaltabitur
632 3973 773 4028 inimicus
794 3988 879 4029 meus
897 3988 986 4042 super
1006 3975 1075 4029 me?

197 4069 223 4124 4.
251 4068 373 4137 Respice
401 4071 433 4125 et
459 4071 567 4125 exaudi
596 4085 658 4136 me,
686 4072 812 4126 Domine
835 4072 913 4126 Deus
932 4086 1032 4140 meus;
1051 4072 1188 4127 illumina
1207 4071 1306 4127 oculos
1326 4087 1408 4128 meos

251 4181 289 4224 ne
308 4182 442 4237 unquam
461 4169 644 4223 obdormiam
663 4169 695 4222 in
715 4171 819 4223 morte.

197 4266 224 4321 5.
251 4264 414 4334 Nequando
448 4266 527 4321 dicat
560 4267 701 4321 inimicus
735 4281 835 4321 meus:
872 4267 1025 4322 Praevalui
1061 4268 1204 4322 adversus
1230 4282 1309 4323 eurn.
1353 4269 1406 4336 Qui

250 4361 398 4416 tribulant
417 4376 465 4416 me
483 4362 664 4418 exultabunt
683 4364 709 4418 si
730 4366 830 4418 motus
849 4363 939 4418 fuero.

197 4457 224 4512 6.
252 4457 312 4525 Ego
339 4459 442 4513 autern
471 4459 503 4513 in
532 4460 732 4514 misericordia
760 4462 812 4515 tua
840 4461 965 4527 sperari.
1003 4461 1158 4516 Exultabit
1186 4476 1354 4517 cormeum
1375 4464 1407 4517 in

251 4553 379 4610 solutari
407 4557 475 4625 tuo,
503 4557 627 4611 cantabo
656 4558 781 4612 Domino
810 4559 860 4626 qui
890 4559 965 4612 bona
993 4558 1100 4613 tribuit
1129 4560 1203 4614 mihi
1231 4561 1262 4614 et
1283 4560 1406 4628 psallam

251 4653 367 4707 nomini
387 4653 506 4708 Domini
525 4653 675 4709 altissimi.
