3270 5310
758 427 822 490 113

198 619 221 673 l.
241 618 270 673 b.
294 617 342 672 reo
360 631 425 685 stitt-
482 688 565 744 Nihil
584 688 659 743 mihi
680 689 770 744 tnbui
791 688 873 758 volo,
893 692 992 757 patres
1012 690 1087 754 mel,

482 785 537 840 Sed
557 785 676 840 veritati
696 785 869 853 plurimum.
908 786 1010 841 Sermo
1030 801 1116 842 meus

482 881 515 939 Si
532 883 646 938 scritate
664 897 777 938 vacuus
796 886 858 947 est,
876 884 1084 952 reprehendite

484 979 515 1035 Si
534 980 647 1035 scritate
666 980 791 1050 nititur,
810 980 969 1035 concedite.

206 1107 429 1171 Antitheseos
453 1105 609 1185 exempla
633 1107 717 1169 sunt
740 1104 841 1168 haec:
868 1105 975 1168 Andr.
1005 1106 1190 1170 1143-45.

392 1221 436 1276 Ut
455 1221 601 1275 hactenus
621 1219 663 1273 lui
683 1219 816 1288 rebellis,
835 1221 1000 1274 contumax

393 1318 431 1372 Et
450 1316 599 1386 improba,
618 1316 662 1371 ita
682 1317 829 1385 morigera
848 1317 988 1385 posthac,
1007 1316 1147 1372 blandula
1165 1319 1198 1372 et

392 1415 529 1483 Frugalis
546 1428 610 1483 ero,
630 1414 672 1468 mi
692 1414 745 1468 vir.

199 1514 262 1568 m
281 1513 343 1568 800⁸
374 1584 476 1653 Neque
494 1583 622 1639 calidum
642 1597 737 1650 neque
755 1581 896 1649 frigidum
916 1581 1011 1650 (velut
1030 1583 1183 1650 inquiunt)

373 1680 433 1736 Nec
451 1680 583 1744 aridum,
602 1693 656 1734 nec
675 1679 833 1735 humidum
854 1680 886 1733 in
904 1694 938 1733 os
957 1693 1058 1734 meum
1078 1680 1177 1736 intuli.

196 1804 266 1859 Hec-
287 1805 355 1860 1930
374 1820 438 1872 sqq.

373 1900 437 1955 Heu
456 1903 560 1969 pectus
578 1904 642 1955 ciete
660 1901 825 1968 eburneum,
845 1916 918 1955 ›rurrc
938 1900 1076 1964 luridum,

372 1997 438 2052 Heu
456 1996 561 2052 venter
579 2000 641 2051 crite
661 1998 805 2067 torpidus,
826 2013 898 2051 ›ucnc
915 1997 1065 2065 flaccidas,

374 2094 437 2149 Heu
456 2094 545 2149 tibiae
564 2097 628 2149 crite
647 2094 796 2158 corrumpe,
815 2109 889 2148 reurrc
910 2093 1023 2157 lividae,

373 2191 437 2245 Heu
454 2194 562 2247 cuncta
580 2192 730 2259 quondam
751 2194 869 2257 vegeta,
889 2204 968 2245 nunc
988 2204 1057 2256 prae
1076 2205 1108 2245 se
1128 2192 1229 2245 ierunt

374 2288 477 2343 Mortis
496 2289 647 2357 pavendae
666 2288 839 2356 imaginem.

267 2413 322 2467 Ad.
342 2411 402 2467 776.
438 2410 461 2466 Ο
481 2411 597 2475 Haeva,
618 2414 714 2466 mater
733 2412 869 2466 omnium
891 2411 1051 2481 vinealium,
1070 2412 1164 2465 immo
1184 2412 1283 2466 verius

440 2509 549 2573 Multo,
568 2510 704 2565 omnium
725 2509 910 2563 rnoriortium.

284 2634 341 2688 Ios.
362 2632 431 2687 1247
449 2649 513 2701 sqq.
551 2634 663 2688 Vinum
683 2633 819 2687 bibentes
838 2633 961 2701 decipit,

551 2730 695 2799 chisque
715 2732 846 2785 mentem
867 2734 898 2785 et
917 2730 1039 2800 orpham?

556 2828 706 2882 Verrmculi
724 2830 815 2896 atque
837 2827 930 2891 liberi,

551 2925 792 2996 Pcrrperrirrrique
812 2926 842 2979 ot
862 2924 955 2978 dicitis

550 3023 633 3077 Facit
653 3023 743 3077 unius
762 3022 939 3077 sententiae.

203 3146 407 3227 Anaphorae
431 3148 540 3211 allinis
564 3150 619 3212 est
642 3147 829 3211 eorundem
853 3147 1036 3211 verborum
1052 3146 1170 3210 crebra
1187 3146 1322 3210 iteratio
1340 3162 1408 3225 qua

157 3261 208 3325 uti
239 3262 351 3327 solent
378 3262 550 3344 homines,
586 3264 643 3343 qui
675 3263 925 3344 perturbatiore
950 3262 1063 3326 animo
1087 3261 1291 3343 loquuntur,
1316 3278 1409 3342 prae-

156 3378 277 3443 sertim
307 3379 357 3443 ira
383 3380 512 3443 incensi
536 3381 571 3443 et
594 3378 825 3459 indignatione
850 3379 1022 3443 commoti.
1071 3378 1125 3443 Sic
1149 3378 1323 3443 Hecastus
1349 3377 1410 3442 Dei

157 3493 269 3575 legato
292 3494 487 3576 indignatus
512 3495 695 3575 respondet
719 3496 819 3559 haec:
844 3492 942 3582 (Hec.
969 3495 1034 3557 524
1059 3491 1158 3580 sqq.).

692 3637 780 3706 Quid,
800 3652 874 3691 num
894 3636 1060 3703 Imperator
1079 3648 1128 3688 me
1147 3634 1202 3687 sibi

281 3733 422 3799 Serviun,
441 3734 594 3799 colonum,
612 3734 777 3788 debitorem
796 3736 850 3788 aut
868 3746 1063 3787 oeconomum
1083 3731 1263 3786 existimat?

282 3829 325 3884 Ut
344 3830 468 3885 referam
488 3832 514 3887 ei
535 3846 654 3886 omnem
675 3831 820 3886 calculum
840 3832 875 3884 de
895 3829 1045 3896 singulis?
1083 3829 1131 3882 An
1151 3828 1300 3883 nonlicet

282 3928 354 3983 Mihi
373 3929 409 3983 de
429 3930 504 3983 meis
523 3929 600 3996 quod
619 3928 692 3992 colo,
711 3929 859 3994 quantum
878 3927 954 3990 volo,
973 3926 1092 3994 quamdo
1112 3925 1187 3994 colo,
1206 3927 1238 3980 et

282 4023 394 4092 Quibus
411 4025 472 4080 volo
490 4027 521 4079 ot
541 4025 791 4093 quemadmodum
811 4023 886 4092 colo,
906 4037 973 4078 meo
992 4036 1044 4092 pro
1063 4022 1186 4076 arbitrio

281 4123 479 4190 Impendere‘l

201 4246 278 4312 Alia
301 4246 458 4327 exempla
482 4254 565 4310 sunt
588 4246 690 4309 haec:

226 4378 296 4435 Reb-
315 4379 377 4433 418.
415 4379 545 4446 Spiritus
564 4378 694 4432 Demens
713 4377 866 4432 cerebrum
887 4377 941 4430 hoc
960 4377 1094 4444 suggerit
1113 4375 1164 4430 tibi
1183 4375 1324 4439 fulmine,

422 4475 484 4530 Tibi
502 4475 602 4540 furiis,
622 4475 672 4530 tibi
691 4476 804 4529 tartaro
823 4473 1008 4541 dignissimo.

210 4571 279 4628 Hec.
301 4573 377 4629 1183.
743 4570 864 4625 Hoccine
882 4574 929 4625 est
948 4585 1023 4638 opus
1041 4569 1275 4624 famulantium?

406 4670 525 4726 Hocciru
544 4669 725 4738 proborum?
745 4668 855 4724 hoccine
874 4670 905 4722 ot
926 4668 996 4722 horo
1016 4666 1171 4721 fidelium?

1279 4760 1296 4808 8
