<?xml version="1.0" encoding="UTF-8"?>
<!DOCTYPE html PUBLIC "-//W3C//DTD XHTML 1.0 Transitional//EN"
    "http://www.w3.org/TR/xhtml1/DTD/xhtml1-transitional.dtd">
<html xmlns="http://www.w3.org/1999/xhtml" xml:lang="en" lang="en">
 <head>
  <title>
</title>
<meta http-equiv="Content-Type" content="text/html;charset=utf-8" />
  <meta name='ocr-system' content='tesseract 3.04.00' />
  <meta name='ocr-capabilities' content='ocr_page ocr_carea ocr_par ocr_line ocrx_word'/>
</head>
<body>
  <div class='ocr_page' id='page_1' title='image "./dedictionegeorg00macrgoog_0214.png"; bbox 0 0 3270 5310; ppageno 0'>
   <div class='ocr_carea' id='block_1_1' title="bbox 731 429 793 493">
    <p class='ocr_par' dir='ltr' id='par_1_1' title="bbox 731 429 793 493">
     <span class='ocr_line' id='line_1_1' title="bbox 731 429 793 493; baseline 0.016 -1"><span class='ocrx_word' id='word_1_1' title='bbox 731 429 793 493; x_wconf 84' lang='lat'>195</span> 
     </span>
    </p>
   </div>
   <div class='ocr_carea' id='block_1_2' title="bbox 140 621 1448 4398">
    <p class='ocr_par' dir='ltr' id='par_1_2' title="bbox 283 621 1138 706">
     <span class='ocr_line' id='line_1_2' title="bbox 283 621 1138 706; baseline 0.004 -21"><span class='ocrx_word' id='word_1_2' title='bbox 283 621 378 688; x_wconf 77' lang='lat' dir='ltr'>Pura</span> <span class='ocrx_word' id='word_1_3' title='bbox 402 624 502 705; x_wconf 76' lang='grc' dir='ltr'>Καλῲ</span> <span class='ocrx_word' id='word_1_4' title='bbox 529 621 725 704; x_wconf 79' lang='grc' dir='ltr'><em>Διδασκάλῳ</em></span> <span class='ocrx_word' id='word_1_5' title='bbox 749 628 926 704; x_wconf 57' lang='lat' dir='ltr'>netarum</span> <span class='ocrx_word' id='word_1_6' title='bbox 952 629 1138 706; x_wconf 63' lang='grc' dir='ltr'>εὐπραγεῖν.</span> 
     </span>
    </p>

    <p class='ocr_par' dir='ltr' id='par_1_3' title="bbox 140 735 987 821">
     <span class='ocr_line' id='line_1_3' title="bbox 140 735 987 821; baseline -0.004 -18"><span class='ocrx_word' id='word_1_7' title='bbox 140 740 234 803; x_wconf 80' lang='grc'><strong>1265.</strong></span> <span class='ocrx_word' id='word_1_8' title='bbox 283 735 478 818; x_wconf 80' lang='grc' dir='ltr'><em>Διδάσκαλ’,</em></span> <span class='ocrx_word' id='word_1_9' title='bbox 503 737 600 804; x_wconf 67' lang='grc' dir='ltr'>’ἕνεκά</span> <span class='ocrx_word' id='word_1_10' title='bbox 622 763 683 821; x_wconf 87' lang='grc' dir='ltr'>μου</span> <span class='ocrx_word' id='word_1_11' title='bbox 709 739 810 804; x_wconf 78' lang='grc' dir='ltr'><em>δόλων</em></span> <span class='ocrx_word' id='word_1_12' title='bbox 836 739 987 818; x_wconf 73' lang='grc' dir='ltr'><em>ἀνάξιος,</em></span> 
     </span>
    </p>

    <p class='ocr_par' dir='ltr' id='par_1_4' title="bbox 281 855 1088 1286">
     <span class='ocr_line' id='line_1_4' title="bbox 283 855 957 938; baseline -0.003 -18"><span class='ocrx_word' id='word_1_13' title='bbox 283 857 420 934; x_wconf 83' lang='grc' dir='ltr'><em>Θαρρὼν</em></span> <span class='ocrx_word' id='word_1_14' title='bbox 444 855 529 935; x_wconf 72' lang='grc' dir='ltr'><em>ὅμως</em></span> <span class='ocrx_word' id='word_1_15' title='bbox 553 864 592 935; x_wconf 83' lang='grc' dir='ltr'>σῇ</span> <span class='ocrx_word' id='word_1_16' title='bbox 618 858 802 938; x_wconf 78' lang='grc' dir='ltr'><strong><em>χρηστότητι</em></strong></span> <span class='ocrx_word' id='word_1_17' title='bbox 831 857 957 935; x_wconf 74' lang='grc' dir='ltr'>ἐμοότῳ</span> 
     </span>
     <span class='ocr_line' id='line_1_5' title="bbox 282 968 975 1052; baseline -0.004 -20"><span class='ocrx_word' id='word_1_18' title='bbox 282 968 456 1051; x_wconf 70' lang='grc' dir='ltr'>Ἰκοτήριός</span> <span class='ocrx_word' id='word_1_19' title='bbox 480 990 538 1031; x_wconf 90' lang='grc' dir='ltr'>σου</span> <span class='ocrx_word' id='word_1_20' title='bbox 562 968 648 1052; x_wconf 79' lang='grc' dir='ltr'><em>δέομ’</em></span> <span class='ocrx_word' id='word_1_21' title='bbox 672 973 750 1050; x_wconf 77' lang='grc' dir='ltr'>ὑπὲρ</span> <span class='ocrx_word' id='word_1_22' title='bbox 776 969 856 1049; x_wconf 78' lang='grc' dir='ltr'><em>ζωῆς</em></span> <span class='ocrx_word' id='word_1_23' title='bbox 882 976 975 1051; x_wconf 68' lang='grc' dir='ltr'><em>ἐμοῦ,</em></span> 
     </span>
     <span class='ocr_line' id='line_1_6' title="bbox 281 1085 974 1173; baseline -0.004 -25"><span class='ocrx_word' id='word_1_24' title='bbox 281 1085 345 1159; x_wconf 74' lang='grc' dir='ltr'>Ὣς</span> <span class='ocrx_word' id='word_1_25' title='bbox 368 1094 564 1173; x_wconf 68' lang='grc' dir='ltr'>χρησάμενος</span> <span class='ocrx_word' id='word_1_26' title='bbox 590 1085 737 1159; x_wconf 79' lang='grc' dir='ltr'><em>ἐξουσίας</em></span> <span class='ocrx_word' id='word_1_27' title='bbox 762 1086 974 1170; x_wconf 77' lang='grc' dir='ltr'>οχολαοτικῆς</span> 
     </span>
     <span class='ocr_line' id='line_1_7' title="bbox 282 1200 1088 1286; baseline 0 -24"><span class='ocrx_word' id='word_1_28' title='bbox 282 1200 386 1286; x_wconf 63' lang='lat' dir='ltr'>‘Paion</span> <span class='ocrx_word' id='word_1_29' title='bbox 409 1227 447 1281; x_wconf 75' lang='grc' dir='ltr'>με</span> <span class='ocrx_word' id='word_1_30' title='bbox 471 1205 554 1285; x_wconf 83' lang='grc' dir='ltr'><strong><em>ταχὺ</em></strong></span> <span class='ocrx_word' id='word_1_31' title='bbox 578 1204 736 1279; x_wconf 82' lang='grc' dir='ltr'><strong><em>παρόντος</em></strong></span> <span class='ocrx_word' id='word_1_32' title='bbox 760 1201 825 1265; x_wconf 82' lang='grc' dir='ltr'>ἀπὸ</span> <span class='ocrx_word' id='word_1_33' title='bbox 849 1209 905 1264; x_wconf 75' lang='grc' dir='ltr'>τοο</span> <span class='ocrx_word' id='word_1_34' title='bbox 931 1200 1088 1266; x_wconf 78' lang='grc' dir='ltr'><em>κινδύνου</em></span> 
     </span>
    </p>

    <p class='ocr_par' dir='ltr' id='par_1_5' title="bbox 140 1313 1127 1862">
     <span class='ocr_line' id='line_1_8' title="bbox 140 1313 1086 1401; baseline 0.002 -22"><span class='ocrx_word' id='word_1_35' title='bbox 140 1316 234 1380; x_wconf 81' lang='grc'><strong>1270.</strong></span> <span class='ocrx_word' id='word_1_36' title='bbox 283 1319 522 1398; x_wconf 70' lang='grc' dir='ltr'>Σταυρώονως,</span> <span class='ocrx_word' id='word_1_37' title='bbox 546 1313 571 1401; x_wconf 82' lang='grc' dir='ltr'><em>ᾧ</em></span> <span class='ocrx_word' id='word_1_38' title='bbox 595 1314 640 1378; x_wconf 83' lang='grc' dir='ltr'>δι’</span> <span class='ocrx_word' id='word_1_39' title='bbox 667 1319 725 1396; x_wconf 75' lang='grc' dir='ltr'>ἐμὰ</span> <span class='ocrx_word' id='word_1_40' title='bbox 748 1314 898 1398; x_wconf 55' lang='lat' dir='ltr'>suppa?</span> <span class='ocrx_word' id='word_1_41' title='bbox 924 1317 1086 1380; x_wconf 66' lang='grc' dir='ltr'><em>ἐνέπεσον.</em></span> 
     </span>
     <span class='ocr_line' id='line_1_9' title="bbox 282 1431 1033 1516; baseline -0.001 -22"><span class='ocrx_word' id='word_1_42' title='bbox 282 1431 357 1496; x_wconf 81' lang='grc' dir='ltr'>Ὅτι</span> <span class='ocrx_word' id='word_1_43' title='bbox 383 1435 440 1496; x_wconf 79' lang='grc' dir='ltr'>οὐκ</span> <span class='ocrx_word' id='word_1_44' title='bbox 465 1435 517 1498; x_wconf 64' lang='grc' dir='ltr'>ἰὰν</span> <span class='ocrx_word' id='word_1_45' title='bbox 542 1435 643 1516; x_wconf 75' lang='grc' dir='ltr'><em>σώοῃς</em></span> <span class='ocrx_word' id='word_1_46' title='bbox 666 1457 703 1511; x_wconf 72' lang='grc' dir='ltr'>με</span> <span class='ocrx_word' id='word_1_47' title='bbox 729 1437 785 1510; x_wconf 83' lang='grc' dir='ltr'>οὐ,</span> <span class='ocrx_word' id='word_1_48' title='bbox 808 1432 884 1497; x_wconf 82' lang='grc' dir='ltr'><em>ὅσον</em></span> <span class='ocrx_word' id='word_1_49' title='bbox 909 1431 1033 1495; x_wconf 64' lang='lat' dir='ltr'>audiam</span> 
     </span>
     <span class='ocr_line' id='line_1_10' title="bbox 282 1544 1127 1631; baseline 0.005 -23"><span class='ocrx_word' id='word_1_50' title='bbox 282 1548 367 1627; x_wconf 74' lang='grc' dir='ltr'><strong><em>Περί</em></strong></span> <span class='ocrx_word' id='word_1_51' title='bbox 389 1570 452 1627; x_wconf 86' lang='grc' dir='ltr'>μου</span> <span class='ocrx_word' id='word_1_52' title='bbox 476 1544 659 1625; x_wconf 78' lang='grc' dir='ltr'><strong><em>πέπρακται</em></strong></span> <span class='ocrx_word' id='word_1_53' title='bbox 684 1554 740 1625; x_wconf 70' lang='grc' dir='ltr'>τῆς</span> <span class='ocrx_word' id='word_1_54' title='bbox 766 1545 860 1626; x_wconf 74' lang='grc' dir='ltr'><em>δέρης</em></span> <span class='ocrx_word' id='word_1_55' title='bbox 885 1555 937 1610; x_wconf 82' lang='grc' dir='ltr'>καὶ</span> <span class='ocrx_word' id='word_1_56' title='bbox 963 1563 1020 1614; x_wconf 84' lang='grc' dir='ltr'>τοῦ</span> <span class='ocrx_word' id='word_1_57' title='bbox 1042 1549 1127 1631; x_wconf 78' lang='grc' dir='ltr'><em>βίον.</em></span> 
     </span>
     <span class='ocr_line' id='line_1_11' title="bbox 285 1661 1086 1747; baseline -0.001 -22"><span class='ocrx_word' id='word_1_58' title='bbox 285 1661 368 1743; x_wconf 72' lang='grc' dir='ltr'>’Ἆρ’</span> <span class='ocrx_word' id='word_1_59' title='bbox 391 1663 464 1726; x_wconf 72' lang='grc' dir='ltr'>ἐλθὲ</span> <span class='ocrx_word' id='word_1_60' title='bbox 488 1663 614 1743; x_wconf 59' lang='lat' dir='ltr'>laudocia</span> <span class='ocrx_word' id='word_1_61' title='bbox 641 1669 831 1747; x_wconf 67' lang='grc' dir='ltr'>ταχύτερον,</span> <span class='ocrx_word' id='word_1_62' title='bbox 858 1662 967 1747; x_wconf 78' lang='grc' dir='ltr'><em>ῥάβδῳ</em></span> <span class='ocrx_word' id='word_1_63' title='bbox 991 1665 1024 1726; x_wconf 83' lang='grc' dir='ltr'><em>τὲ</em></span> <span class='ocrx_word' id='word_1_64' title='bbox 1048 1689 1086 1743; x_wconf 69' lang='grc' dir='ltr'>με</span> 
     </span>
     <span class='ocr_line' id='line_1_12' title="bbox 283 1775 1076 1862; baseline 0.001 -19"><span class='ocrx_word' id='word_1_65' title='bbox 283 1777 437 1861; x_wconf 72' lang='grc' dir='ltr'><strong><em>Ἔξαιρε,</em></strong></span> <span class='ocrx_word' id='word_1_66' title='bbox 462 1778 539 1859; x_wconf 82' lang='grc' dir='ltr'>πρίν</span> <span class='ocrx_word' id='word_1_67' title='bbox 561 1775 782 1856; x_wconf 77' lang='grc' dir='ltr'><em>μὀξπολὲοθαι</em></span> <span class='ocrx_word' id='word_1_68' title='bbox 809 1783 959 1862; x_wconf 79' lang='grc' dir='ltr'><em>αἰσχίστῳ</em></span> <span class='ocrx_word' id='word_1_69' title='bbox 981 1783 1076 1861; x_wconf 84' lang='grc' dir='ltr'><strong><em>μόρῳ.</em></strong></span> 
     </span>
    </p>

    <p class='ocr_par' dir='ltr' id='par_1_6' title="bbox 140 1892 1448 2318">
     <span class='ocr_line' id='line_1_13' title="bbox 140 1892 1448 1983; baseline 0.006 -28"><span class='ocrx_word' id='word_1_70' title='bbox 140 1893 235 1956; x_wconf 82' lang='grc'><strong>1275.</strong></span> <span class='ocrx_word' id='word_1_71' title='bbox 283 1893 420 1974; x_wconf 61' lang='lat' dir='ltr'>‘&#39;Ecqua’&#39;</span> <span class='ocrx_word' id='word_1_72' title='bbox 446 1896 605 1957; x_wconf 78' lang='grc' dir='ltr'><strong><em>ἐπιστάτα</em></strong></span> <span class='ocrx_word' id='word_1_73' title='bbox 630 1895 888 1973; x_wconf 66' lang='grc' dir='ltr'>προνμονέστορε.</span> <span class='ocrx_word' id='word_1_74' title='bbox 937 1892 1010 1958; x_wconf 83' lang='lat' dir='ltr'>DII).</span> <span class='ocrx_word' id='word_1_75' title='bbox 1037 1900 1107 1969; x_wconf 74' lang='grc' dir='ltr'>Δός.</span> <span class='ocrx_word' id='word_1_76' title='bbox 1147 1894 1251 1961; x_wconf 74' lang='lat' dir='ltr'>PUllli.</span> <span class='ocrx_word' id='word_1_77' title='bbox 1278 1901 1382 1983; x_wconf 75' lang='grc' dir='ltr'><em>Λαβὲ.</em></span> <span class='ocrx_word' id='word_1_78' title='bbox 1446 1972 1448 1977; x_wconf 32' lang='lat'><em>,</em></span> 
     </span>
     <span class='ocr_line' id='line_1_14' title="bbox 285 2006 1138 2087; baseline 0.001 -16"><span class='ocrx_word' id='word_1_79' title='bbox 285 2007 359 2074; x_wconf 88' lang='lat' dir='ltr'>Dm.</span> <span class='ocrx_word' id='word_1_80' title='bbox 384 2007 524 2072; x_wconf 79' lang='lat' dir='ltr'><strong>Miseret</strong></span> <span class='ocrx_word' id='word_1_81' title='bbox 547 2006 700 2086; x_wconf 83' lang='lat' dir='ltr'>profecto</span> <span class='ocrx_word' id='word_1_82' title='bbox 725 2023 779 2071; x_wconf 87' lang='lat' dir='ltr'>mo</span> <span class='ocrx_word' id='word_1_83' title='bbox 802 2008 981 2087; x_wconf 87' lang='lat' dir='ltr'>utriusque</span> <span class='ocrx_word' id='word_1_84' title='bbox 1005 2011 1041 2071; x_wconf 91' lang='lat' dir='ltr'>et</span> <span class='ocrx_word' id='word_1_85' title='bbox 1064 2009 1138 2086; x_wconf 84' lang='lat' dir='ltr'>lilii,</span> 
     </span>
     <span class='ocr_line' id='line_1_15' title="bbox 285 2122 1096 2202; baseline 0.001 -16"><span class='ocrx_word' id='word_1_86' title='bbox 285 2123 414 2188; x_wconf 89' lang='lat' dir='ltr'>Verum</span> <span class='ocrx_word' id='word_1_87' title='bbox 439 2123 518 2202; x_wconf 89' lang='lat' dir='ltr'>quid</span> <span class='ocrx_word' id='word_1_88' title='bbox 542 2122 596 2186; x_wconf 91' lang='lat' dir='ltr'>hic</span> <span class='ocrx_word' id='word_1_89' title='bbox 619 2123 789 2187; x_wconf 75' lang='lat' dir='ltr'>autoritas</span> <span class='ocrx_word' id='word_1_90' title='bbox 813 2126 931 2187; x_wconf 89' lang='lat' dir='ltr'>nostra</span> <span class='ocrx_word' id='word_1_91' title='bbox 955 2124 1096 2188; x_wconf 87' lang='lat' dir='ltr'>valeat?</span> 
     </span>
     <span class='ocr_line' id='line_1_16' title="bbox 284 2237 1104 2318; baseline -0.001 -15"><span class='ocrx_word' id='word_1_92' title='bbox 284 2238 455 2303; x_wconf 88' lang='lat' dir='ltr'>Contrave</span> <span class='ocrx_word' id='word_1_93' title='bbox 479 2238 553 2302; x_wconf 90' lang='lat' dir='ltr'>iura</span> <span class='ocrx_word' id='word_1_94' title='bbox 577 2238 657 2318; x_wconf 88' lang='lat' dir='ltr'>quid</span> <span class='ocrx_word' id='word_1_95' title='bbox 682 2255 759 2302; x_wconf 86' lang='lat' dir='ltr'>mea</span> <span class='ocrx_word' id='word_1_96' title='bbox 782 2237 890 2302; x_wconf 83' lang='lat' dir='ltr'>ferula</span> <span class='ocrx_word' id='word_1_97' title='bbox 913 2239 1104 2317; x_wconf 79' lang='lat' dir='ltr'>praesidis?</span> 
     </span>
    </p>

    <p class='ocr_par' dir='ltr' id='par_1_7' title="bbox 164 2353 1385 4171">
     <span class='ocr_line' id='line_1_17' title="bbox 285 2353 1157 2435; baseline 0.005 -19"><span class='ocrx_word' id='word_1_98' title='bbox 285 2354 322 2417; x_wconf 93' lang='lat' dir='ltr'>ld</span> <span class='ocrx_word' id='word_1_99' title='bbox 346 2356 418 2435; x_wconf 89' lang='lat' dir='ltr'>est,</span> <span class='ocrx_word' id='word_1_100' title='bbox 443 2353 645 2434; x_wconf 87' lang='lat' dir='ltr'>Mysandra,</span> <span class='ocrx_word' id='word_1_101' title='bbox 671 2371 771 2418; x_wconf 86' lang='lat' dir='ltr'>mane</span> <span class='ocrx_word' id='word_1_102' title='bbox 795 2355 883 2434; x_wconf 87' lang='lat' dir='ltr'>quod</span> <span class='ocrx_word' id='word_1_103' title='bbox 908 2354 971 2418; x_wconf 92' lang='lat' dir='ltr'>tibi</span> <span class='ocrx_word' id='word_1_104' title='bbox 997 2354 1157 2420; x_wconf 81' lang='lat' dir='ltr'>dixeram.</span> 
     </span>
     <span class='ocr_line' id='line_1_18' title="bbox 285 2469 1195 2557; baseline 0.002 -25"><span class='ocrx_word' id='word_1_105' title='bbox 285 2469 368 2534; x_wconf 87' lang='lat' dir='ltr'>Mrs.</span> <span class='ocrx_word' id='word_1_106' title='bbox 393 2469 449 2533; x_wconf 87' lang='lat' dir='ltr'>Nil</span> <span class='ocrx_word' id='word_1_107' title='bbox 473 2472 609 2549; x_wconf 90' lang='lat' dir='ltr'>praeter</span> <span class='ocrx_word' id='word_1_108' title='bbox 632 2469 719 2534; x_wconf 92' lang='lat' dir='ltr'>iram</span> <span class='ocrx_word' id='word_1_109' title='bbox 743 2473 779 2535; x_wconf 92' lang='lat' dir='ltr'>et</span> <span class='ocrx_word' id='word_1_110' title='bbox 803 2469 1043 2534; x_wconf 87' lang='lat' dir='ltr'>contumeliam</span> <span class='ocrx_word' id='word_1_111' title='bbox 1068 2470 1195 2557; x_wconf 82' lang='lat' dir='ltr'>(palam</span> 
     </span>
     <span class='ocr_line' id='line_1_19' title="bbox 285 2583 1095 2672; baseline 0.001 -23"><span class='ocrx_word' id='word_1_112' title='bbox 285 2583 434 2672; x_wconf 88' lang='lat' dir='ltr'>Loquor)</span> <span class='ocrx_word' id='word_1_113' title='bbox 457 2601 519 2665; x_wconf 84' lang='lat' dir='ltr'>ego</span> <span class='ocrx_word' id='word_1_114' title='bbox 545 2586 670 2664; x_wconf 91' lang='lat' dir='ltr'>merui;</span> <span class='ocrx_word' id='word_1_115' title='bbox 696 2586 831 2649; x_wconf 83' lang='lat' dir='ltr'>flectere</span> <span class='ocrx_word' id='word_1_116' title='bbox 855 2585 1095 2651; x_wconf 82' lang='lat' dir='ltr'>misericordia.</span> 
     </span>
     <span class='ocr_line' id='line_1_20' title="bbox 285 2700 1215 2782; baseline 0.004 -18"><span class='ocrx_word' id='word_1_117' title='bbox 285 2701 359 2767; x_wconf 87' lang='lat' dir='ltr'>Dm.</span> <span class='ocrx_word' id='word_1_118' title='bbox 386 2700 471 2780; x_wconf 77' lang='lat' dir='ltr'>Quid</span> <span class='ocrx_word' id='word_1_119' title='bbox 496 2719 616 2782; x_wconf 81' lang='lat' dir='ltr'>graeca</span> <span class='ocrx_word' id='word_1_120' title='bbox 640 2718 743 2782; x_wconf 88' lang='lat' dir='ltr'>quam</span> <span class='ocrx_word' id='word_1_121' title='bbox 767 2702 875 2765; x_wconf 89' lang='lat' dir='ltr'>latina</span> <span class='ocrx_word' id='word_1_122' title='bbox 898 2702 1043 2767; x_wconf 88' lang='lat' dir='ltr'>scribere</span> <span class='ocrx_word' id='word_1_123' title='bbox 1068 2704 1215 2768; x_wconf 83' lang='lat' dir='ltr'>maluit?</span> 
     </span>
     <span class='ocr_line' id='line_1_21' title="bbox 287 2817 1213 2898; baseline 0.002 -17"><span class='ocrx_word' id='word_1_124' title='bbox 287 2817 370 2884; x_wconf 73' lang='lat' dir='ltr'>Gau.</span> <span class='ocrx_word' id='word_1_125' title='bbox 396 2817 468 2897; x_wconf 76' lang='lat' dir='ltr'>Quo</span> <span class='ocrx_word' id='word_1_126' title='bbox 492 2821 528 2881; x_wconf 90' lang='lat' dir='ltr'>te</span> <span class='ocrx_word' id='word_1_127' title='bbox 553 2834 629 2882; x_wconf 88' lang='lat' dir='ltr'>reor</span> <span class='ocrx_word' id='word_1_128' title='bbox 652 2835 750 2898; x_wconf 84' lang='lat' dir='ltr'><strong>mage</strong></span> <span class='ocrx_word' id='word_1_129' title='bbox 774 2818 892 2882; x_wconf 78' lang='lat' dir='ltr'>flectat</span> <span class='ocrx_word' id='word_1_130' title='bbox 915 2819 1070 2884; x_wconf 86' lang='lat' dir='ltr'>eruditio</span> <span class='ocrx_word' id='word_1_131' title='bbox 1118 2819 1213 2885; x_wconf 89' lang='lat' dir='ltr'>Heu!</span> 
     </span>
     <span class='ocr_line' id='line_1_22' title="bbox 287 2932 1385 3016; baseline 0.004 -21"><span class='ocrx_word' id='word_1_132' title='bbox 287 2932 389 2998; x_wconf 81' lang='lat' dir='ltr'>Pura.</span> <span class='ocrx_word' id='word_1_133' title='bbox 415 2932 595 3013; x_wconf 89' lang='lat' dir='ltr'>Moveant,</span> <span class='ocrx_word' id='word_1_134' title='bbox 621 2934 801 3013; x_wconf 83' lang='lat' dir='ltr'>magister,</span> <span class='ocrx_word' id='word_1_135' title='bbox 828 2936 862 2997; x_wconf 88' lang='lat' dir='ltr'>te</span> <span class='ocrx_word' id='word_1_136' title='bbox 886 2937 960 2998; x_wconf 90' lang='lat' dir='ltr'>tam</span> <span class='ocrx_word' id='word_1_137' title='bbox 983 2952 1120 2999; x_wconf 88' lang='lat' dir='ltr'>amarae</span> <span class='ocrx_word' id='word_1_138' title='bbox 1141 2936 1335 3016; x_wconf 80' lang='lat' dir='ltr'>lachrymae</span> <span class='ocrx_word' id='word_1_139' title='bbox 1351 2941 1385 3001; x_wconf 88' lang='lat' dir='ltr'>et</span> 
     </span>
     <span class='ocr_line' id='line_1_23' title="bbox 289 3048 1023 3130; baseline -0.001 -17"><span class='ocrx_word' id='word_1_140' title='bbox 289 3048 448 3113; x_wconf 77' lang='lat' dir='ltr'>Gemitus</span> <span class='ocrx_word' id='word_1_141' title='bbox 471 3050 670 3128; x_wconf 83' lang='lat' dir='ltr'>parentum,</span> <span class='ocrx_word' id='word_1_142' title='bbox 697 3052 836 3113; x_wconf 87' lang='lat' dir='ltr'>moveat</span> <span class='ocrx_word' id='word_1_143' title='bbox 859 3049 1023 3130; x_wconf 86' lang='lat' dir='ltr'>eruditio,</span> 
     </span>
     <span class='ocr_line' id='line_1_24' title="bbox 285 3162 1081 3243; baseline 0.004 -17"><span class='ocrx_word' id='word_1_144' title='bbox 285 3162 424 3228; x_wconf 88' lang='lat' dir='ltr'>Moveat</span> <span class='ocrx_word' id='word_1_145' title='bbox 447 3180 580 3243; x_wconf 87' lang='lat' dir='ltr'>quoque</span> <span class='ocrx_word' id='word_1_146' title='bbox 604 3162 742 3242; x_wconf 88' lang='lat' dir='ltr'>puerilis</span> <span class='ocrx_word' id='word_1_147' title='bbox 765 3179 868 3243; x_wconf 81' lang='lat' dir='ltr'>aegra</span> <span class='ocrx_word' id='word_1_148' title='bbox 890 3163 1081 3230; x_wconf 88' lang='lat' dir='ltr'>infirmitas.</span> 
     </span>
     <span class='ocr_line' id='line_1_25' title="bbox 286 3278 987 3359; baseline -0.001 -16"><span class='ocrx_word' id='word_1_149' title='bbox 286 3278 329 3343; x_wconf 87' lang='lat' dir='ltr'>Se</span> <span class='ocrx_word' id='word_1_150' title='bbox 353 3278 500 3359; x_wconf 81' lang='lat' dir='ltr'>corriget</span> <span class='ocrx_word' id='word_1_151' title='bbox 524 3294 624 3359; x_wconf 86' lang='lat' dir='ltr'>puer,</span> <span class='ocrx_word' id='word_1_152' title='bbox 651 3281 796 3358; x_wconf 87' lang='lat' dir='ltr'>tuasque</span> <span class='ocrx_word' id='word_1_153' title='bbox 820 3279 987 3357; x_wconf 87' lang='lat' dir='ltr'>perpetim</span> 
     </span>
     <span class='ocr_line' id='line_1_26' title="bbox 288 3394 955 3475; baseline 0.001 -17"><span class='ocrx_word' id='word_1_154' title='bbox 288 3394 526 3458; x_wconf 88' lang='lat' dir='ltr'>Miserationes</span> <span class='ocrx_word' id='word_1_155' title='bbox 549 3394 760 3474; x_wconf 86' lang='lat' dir='ltr'>praedicabit</span> <span class='ocrx_word' id='word_1_156' title='bbox 783 3394 955 3475; x_wconf 74' lang='lat' dir='ltr'>plurimae.</span> 
     </span>
     <span class='ocr_line' id='line_1_27' title="bbox 286 3509 1220 3592; baseline 0.003 -19"><span class='ocrx_word' id='word_1_157' title='bbox 286 3509 359 3576; x_wconf 84' lang='lat' dir='ltr'>Dm.</span> <span class='ocrx_word' id='word_1_158' title='bbox 385 3510 495 3590; x_wconf 87' lang='lat' dir='ltr'>Audi,</span> <span class='ocrx_word' id='word_1_159' title='bbox 521 3509 665 3590; x_wconf 83' lang='lat' dir='ltr'>Galene3</span> <span class='ocrx_word' id='word_1_160' title='bbox 691 3513 825 3590; x_wconf 88' lang='lat' dir='ltr'>vester,</span> <span class='ocrx_word' id='word_1_161' title='bbox 850 3511 900 3574; x_wconf 87' lang='lat' dir='ltr'>ita</span> <span class='ocrx_word' id='word_1_162' title='bbox 924 3511 1008 3575; x_wconf 87' lang='lat' dir='ltr'>deus</span> <span class='ocrx_word' id='word_1_163' title='bbox 1031 3516 1220 3592; x_wconf 84' lang='lat' dir='ltr'>meamet,</span> 
     </span>
     <span class='ocr_line' id='line_1_28' title="bbox 164 3625 1255 3707; baseline 0.003 -18"><span class='ocrx_word' id='word_1_164' title='bbox 164 3630 172 3657; x_wconf 86' lang='lat'>‘</span> <span class='ocrx_word' id='word_1_165' title='bbox 231 3680 238 3691; x_wconf 91' lang='lat'><strong>.</strong></span> <span class='ocrx_word' id='word_1_166' title='bbox 286 3626 329 3690; x_wconf 81' lang='lat' dir='ltr'>Et</span> <span class='ocrx_word' id='word_1_167' title='bbox 352 3643 430 3689; x_wconf 93' lang='lat' dir='ltr'>sum</span> <span class='ocrx_word' id='word_1_168' title='bbox 454 3628 490 3689; x_wconf 88' lang='lat' dir='ltr'>et</span> <span class='ocrx_word' id='word_1_169' title='bbox 514 3626 650 3691; x_wconf 88' lang='lat' dir='ltr'>futurus</span> <span class='ocrx_word' id='word_1_170' title='bbox 673 3643 759 3690; x_wconf 90' lang='lat' dir='ltr'>sum.</span> <span class='ocrx_word' id='word_1_171' title='bbox 809 3625 894 3705; x_wconf 79' lang='lat' dir='ltr'>Quid</span> <span class='ocrx_word' id='word_1_172' title='bbox 919 3629 1035 3690; x_wconf 91' lang='lat' dir='ltr'>autem</span> <span class='ocrx_word' id='word_1_173' title='bbox 1060 3644 1120 3707; x_wconf 91' lang='lat' dir='ltr'>per</span> <span class='ocrx_word' id='word_1_174' title='bbox 1145 3646 1255 3692; x_wconf 88' lang='lat' dir='ltr'>rueam</span> 
     </span>
     <span class='ocr_line' id='line_1_29' title="bbox 286 3740 990 3821; baseline 0 -15"><span class='ocrx_word' id='word_1_175' title='bbox 286 3740 415 3821; x_wconf 80' lang='lat' dir='ltr'>Queam</span> <span class='ocrx_word' id='word_1_176' title='bbox 439 3741 593 3806; x_wconf 89' lang='lat' dir='ltr'>obtinere</span> <span class='ocrx_word' id='word_1_177' title='bbox 617 3742 842 3805; x_wconf 87' lang='lat' dir='ltr'>autoritatem</span> <span class='ocrx_word' id='word_1_178' title='bbox 866 3742 990 3807; x_wconf 87' lang='lat' dir='ltr'>nescio.</span> 
     </span>
     <span class='ocr_line' id='line_1_30' title="bbox 285 3856 1103 3938; baseline 0.001 -18"><span class='ocrx_word' id='word_1_179' title='bbox 285 3856 429 3938; x_wconf 84' lang='lat' dir='ltr'>Eamus,</span> <span class='ocrx_word' id='word_1_180' title='bbox 454 3860 640 3937; x_wconf 88' lang='lat' dir='ltr'>antequam</span> <span class='ocrx_word' id='word_1_181' title='bbox 663 3860 864 3922; x_wconf 87' lang='lat' dir='ltr'>antevortat</span> <span class='ocrx_word' id='word_1_182' title='bbox 887 3873 949 3921; x_wconf 90' lang='lat' dir='ltr'>nos</span> <span class='ocrx_word' id='word_1_183' title='bbox 973 3857 1103 3937; x_wconf 86' lang='lat' dir='ltr'>gravis,</span> 
     </span>
     <span class='ocr_line' id='line_1_31' title="bbox 286 3972 928 4038; baseline 0.002 -2"><span class='ocrx_word' id='word_1_184' title='bbox 286 3972 415 4036; x_wconf 86' lang='lat' dir='ltr'>Severa</span> <span class='ocrx_word' id='word_1_185' title='bbox 439 3975 475 4037; x_wconf 92' lang='lat' dir='ltr'>et</span> <span class='ocrx_word' id='word_1_186' title='bbox 498 3973 730 4037; x_wconf 89' lang='lat' dir='ltr'>irrevocabilis</span> <span class='ocrx_word' id='word_1_187' title='bbox 753 3973 928 4038; x_wconf 84' lang='lat' dir='ltr'>sententia</span> 
     </span>
     <span class='ocr_line' id='line_1_32' title="bbox 284 4087 1385 4171; baseline 0.003 -21"><span class='ocrx_word' id='word_1_188' title='bbox 284 4087 419 4152; x_wconf 91' lang='lat' dir='ltr'>Iudicis.</span> <span class='ocrx_word' id='word_1_189' title='bbox 455 4087 566 4168; x_wconf 84' lang='lat' dir='ltr'>Ades,</span> <span class='ocrx_word' id='word_1_190' title='bbox 590 4105 692 4169; x_wconf 86' lang='lat' dir='ltr'>puer,</span> <span class='ocrx_word' id='word_1_191' title='bbox 709 4105 831 4170; x_wconf 86' lang='lat' dir='ltr'>ocyus.</span> <span class='ocrx_word' id='word_1_192' title='bbox 849 4105 927 4168; x_wconf 83' lang='lat' dir='ltr'>gere</span> <span class='ocrx_word' id='word_1_193' title='bbox 944 4090 1113 4171; x_wconf 82' lang='lat' dir='ltr'>virgulam</span> <span class='ocrx_word' id='word_1_194' title='bbox 1159 4090 1262 4156; x_wconf 82' lang='lat' dir='ltr'>Pura.</span> <span class='ocrx_word' id='word_1_195' title='bbox 1281 4090 1385 4156; x_wconf 89' lang='lat' dir='ltr'>Hem!</span> 
     </span>
    </p>

    <p class='ocr_par' dir='ltr' id='par_1_8' title="bbox 144 4202 1139 4285">
     <span class='ocr_line' id='line_1_33' title="bbox 144 4202 1139 4285; baseline 0.003 -20"><span class='ocrx_word' id='word_1_196' title='bbox 144 4203 238 4266; x_wconf 81' lang='lat'><strong>1295.</strong></span> <span class='ocrx_word' id='word_1_197' title='bbox 287 4202 370 4269; x_wconf 75' lang='lat' dir='ltr'>Gra.</span> <span class='ocrx_word' id='word_1_198' title='bbox 397 4202 571 4268; x_wconf 85' lang='lat' dir='ltr'>Praetoris</span> <span class='ocrx_word' id='word_1_199' title='bbox 594 4203 715 4284; x_wconf 86' lang='lat' dir='ltr'>optimi</span> <span class='ocrx_word' id='word_1_200' title='bbox 738 4204 838 4269; x_wconf 89' lang='lat' dir='ltr'>loves</span> <span class='ocrx_word' id='word_1_201' title='bbox 861 4203 994 4268; x_wconf 88' lang='lat' dir='ltr'>animos</span> <span class='ocrx_word' id='word_1_202' title='bbox 1017 4207 1139 4285; x_wconf 83' lang='lat' dir='ltr'>parent</span> 
     </span>
    </p>

    <p class='ocr_par' dir='ltr' id='par_1_9' title="bbox 286 4318 1024 4398">
     <span class='ocr_line' id='line_1_34' title="bbox 286 4318 1024 4398; baseline 0.004 -16"><span class='ocrx_word' id='word_1_203' title='bbox 286 4319 337 4382; x_wconf 90' lang='lat' dir='ltr'>Ac</span> <span class='ocrx_word' id='word_1_204' title='bbox 361 4319 539 4398; x_wconf 82' lang='lat' dir='ltr'>mitigent,</span> <span class='ocrx_word' id='word_1_205' title='bbox 565 4335 631 4398; x_wconf 91' lang='lat' dir='ltr'>quo</span> <span class='ocrx_word' id='word_1_206' title='bbox 655 4318 787 4383; x_wconf 85' lang='lat' dir='ltr'>facilius</span> <span class='ocrx_word' id='word_1_207' title='bbox 812 4336 873 4383; x_wconf 86' lang='lat' dir='ltr'>nos</span> <span class='ocrx_word' id='word_1_208' title='bbox 897 4320 1024 4386; x_wconf 88' lang='lat' dir='ltr'>audiat.</span> 
     </span>
    </p>
   </div>
   <div class='ocr_carea' id='block_1_3' title="bbox 612 4559 916 4575">
    <p class='ocr_par' dir='ltr' id='par_1_10' title="bbox 612 4559 916 4575">
     <span class='ocr_line' id='line_1_35' title="bbox 612 4559 916 4575; baseline 0.007 -6"><span class='ocrx_word' id='word_1_209' title='bbox 612 4559 916 4575; x_wconf 74' lang='lat'><strong><em>———..-—-——</em></strong></span> 
     </span>
    </p>
   </div>
   <div class='ocr_carea' id='block_1_4' title="bbox 0 0 1640 5310">
    <p class='ocr_par' dir='ltr' id='par_1_11' title="bbox 0 0 1640 5310">
     <span class='ocr_line' id='line_1_36' title="bbox 0 0 1640 5310; baseline 0 0"><span class='ocrx_word' id='word_1_210' title='bbox 0 0 1640 5310; x_wconf 95' lang='lat' dir='ltr'> </span> 
     </span>
    </p>
   </div>
  </div>
 </body>
</html>
