3270 5310
756 424 799 487 43

506 667 539 736 4.
586 667 811 737 locutiones
835 666 1042 737 Plautinae.

198 894 305 977 Magis
334 898 452 961 autem
483 912 586 975 quam
614 913 733 961 omnes
756 913 842 976 quos
865 897 1033 962 hactenus
1057 896 1400 962 commemoravimus

151 1013 243 1078 locos
273 1011 476 1093 Macropedii
508 1012 646 1077 dictioni
677 1014 857 1093 antiquum
888 1013 1058 1093 quendam
1090 1012 1235 1077 colorem
1267 1010 1400 1075 addunt

152 1128 341 1193 locutiones
367 1129 558 1210 complures
582 1129 671 1210 apud
696 1132 835 1194 veteres
859 1129 1004 1194 comicos
1027 1129 1195 1209 usitatae,
1218 1128 1252 1191 in
1277 1127 1399 1206 quibus

153 1243 352 1309 adhibendis
383 1246 501 1310 noster
526 1261 594 1309 non
618 1245 660 1309 de
684 1248 779 1310 certo
802 1245 912 1325 aliquo
936 1244 1049 1309 Plauti
1072 1247 1133 1308 aut
1157 1242 1305 1308 Terentii
1327 1241 1400 1307 loco

152 1361 295 1442 cogitat,
327 1360 387 1425 sed
421 1376 481 1425 888
508 1360 557 1425 118-
580 1376 720 1442 prorsus
744 1378 825 1426 suas
849 1360 930 1426 fecit
953 1364 993 1425 ut
1016 1360 1115 1441 plane
1138 1360 1173 1423 in
1197 1360 1400 1423 consuetum

153 1478 227 1543 eius
258 1493 452 1542 sermonem
482 1477 683 1543 transierint
705 1481 742 1541 et
765 1495 829 1542 sua
851 1479 974 1559 sponte
999 1491 1174 1541 occurrere
1199 1477 1235 1540 et
1257 1473 1399 1555 proferri

152 1594 345 1659 videantur.
393 1591 511 1672 Qualia
541 1593 700 1658 nimirum
731 1593 905 1673 aliquanto
936 1592 1034 1674 plura
1056 1592 1279 1656 inveniuntur
1301 1590 1336 1654 in
1359 1589 1400 1654 iis

153 1707 276 1774 fabulis
306 1724 393 1788 quae
424 1708 557 1789 proprie
587 1709 780 1773 comoediae
810 1709 970 1774 dicuntur
993 1725 1096 1788 quam
1119 1724 1205 1787 quas
1228 1706 1292 1771 illis
1315 1708 1400 1770 tem·

153 1825 290 1907 poribus
316 1824 494 1909 „dramata
516 1824 636 1889 sacra”
661 1825 840 1890 vocabant.
889 1824 1007 1904 Neque
1031 1824 1147 1904 ignoro
1170 1840 1215 1888 ex
1238 1823 1291 1886 bis
1313 1822 1400 1887 locu·

152 1940 302 2006 tionibus
335 1941 514 2021 plerasque
548 1957 616 2005 non
651 1958 672 2005 a
706 1941 817 2022 poetis
851 1941 987 2006 comicis
1018 1940 1232 2020 excogitatas
1263 1938 1324 2002 sed
1356 1954 1401 2002 811

153 2072 310 2121 sermone
334 2057 531 2136 quotidiano
554 2060 712 2138 sumptas
737 2073 831 2136 esse,
855 2056 915 2121 sed
940 2059 980 2120 ut
1003 2056 1099 2121 nobis
1123 2055 1173 2119 ita
1194 2053 1398 2134 Macropedii

153 2172 350 2252 aequalibus
376 2172 449 2254 ipse
472 2172 526 2237 ille
550 2189 662 2237 sermo
686 2173 903 2253 quotidianus
928 2189 946 2236 e
970 2172 1176 2237 comicorum
1198 2170 1401 2252 praesertim

153 2287 276 2352 fabulis
299 2289 555 2369 cognoscendus
578 2291 654 2353 erat
677 2292 714 2352 et
737 2288 1013 2368 cognoscebatur.
1043 2287 1176 2352 Harum
1191 2287 1401 2353 locutionum

152 2421 278 2485 genera
301 2408 384 2470 sunt
408 2404 509 2469 haec:

201 2523 229 2587 1.
276 2520 482 2601 imperativi.
529 2520 616 2585 Vide
641 2521 707 2601 818,
731 2537 815 2585 cave
839 2521 904 2601 sis,
921 2535 1028 2602 apage
1044 2519 1110 2599 sis,
1126 2518 1219 2583 adsis
1236 2517 1399 2598 tempori,

153 2640 210 2702 sta
244 2636 435 2718 paululum,
471 2636 532 2701 8118
555 2635 579 2722 ¹)
613 2653 735 2717 parum
770 2635 1000 2724 (parumper),
1037 2651 1076 2700 os
1112 2634 1279 2716 opprime,
1318 2633 1400 2698 cedo
1434 2646 1438 2655 ’

153 2768 310 2832 manum,
345 2754 503 2817 actutum
538 2752 626 2834 redi,
660 2753 669 2816 i
706 2770 804 2834 prae,
837 2769 978 2832 sequor;
1010 2751 1121 2833 praei,
1146 2767 1287 2830 sequar;
1312 2749 1399 2814 habe

151 2867 280 2932 bonum
303 2867 464 2932 animum.

199 2984 229 3049 2.
276 2982 566 3063 interropaaones.
613 2982 698 3063 Quid
726 3001 781 3048 me
805 2984 885 3048 vis?
931 2983 1103 3062 Numquid
1127 2982 1217 3047 aliud
1242 2998 1295 3046 me
1320 2981 1400 3047 vis?

153 3099 319 3178 quidum?
354 3098 439 3164 vin?
474 3100 603 3164 viden?
639 3100 699 3165 sed
735 3098 864 3163 audin?
899 3099 955 3163 ain
990 3099 1100 3163 vero?
1147 3097 1228 3178 Quis
1251 3096 1401 3177 loquitur

153 3214 231 3279 bic?
277 3214 371 3279 Tune
395 3214 448 3279 hic
472 3216 575 3280 eras?
622 3215 705 3280 Cuia
730 3232 798 3279 vox
821 3233 925 3297 prope
950 3232 1003 3279 me
1028 3215 1153 3280 sonat?
1200 3212 1285 3292 quid
1303 3229 1400 3277 cesso

152 3329 380 3411 compellare?
427 3330 509 3411 Quis
531 3330 678 3419 (ecquis)
701 3332 832 3412 aperiet
851 3332 977 3396 ostium
993 3331 1083 3395 boc?
1107 3330 1192 3410 Quid
1210 3329 1400 3394 mussitas?

199 3445 229 3511 3.
273 3444 402 3533 ,arara
424 3464 593 3527 rmpormo.
641 3448 707 3512 Ero
730 3451 769 3511 ut
794 3447 904 3525 voles,
930 3448 1121 3527 curabitur,
1146 3446 1277 3510 facturn
1298 3450 1399 3526 puta,

153 3577 341 3627 memorem
371 3579 507 3644 moneS,
531 3564 599 3627 iam
622 3563 676 3628 hic
700 3581 776 3645 ero,
801 3564 880 3644 quid
904 3564 1030 3628 audio?
1054 3563 1142 3642 quod
1167 3579 1240 3643 188;
1266 3562 1400 3643 egone?

152 3679 268 3744 tunae.

198 3794 229 3859 4.
275 3792 541 3860 Excbrrnuliones
574 3798 611 3860 et
644 3798 883 3861 interiori-iones
940 3797 1091 3872 Amabo,
1128 3799 1221 3875 8181,
1247 3797 1399 3875 ecastor,

154 3911 341 3991 mecastor,
373 3910 455 3991 eho,
483 3910 649 3993 ehodum,
674 3928 776 3994 euge,
801 3929 902 3994 euge,
926 3911 1057 3977 factum
1081 3912 1202 3992 probe,
1226 3910 1399 3991 hahahae,

152 4022 249 4104 hem,
280 4023 360 4090 hem
388 4026 466 4109 tibi,
490 4027 637 4109 malum,
661 4045 790 4108 nugae,
816 4029 970 4109 obsecre,
994 4032 1092 4092 tuam
1116 4027 1217 4091 iidem
1242 4029 1399 4104 obsecro,
1507 4073 1510 4077 -

152 4138 276 4221 occidi,
299 4140 404 4204 occidi
426 4141 635 4224 miserrima,
661 4145 760 4225 perii,
785 4145 914 4225 interii,
938 4144 1011 4225 pol,
1035 4143 1186 4224 aedepol.

198 4254 229 4320 5.
275 4254 528 4323 Ecsecratiooee
550 4261 588 4324 et
609 4261 729 4325 minoe.
774 4261 839 4324 Abi
863 4261 897 4323 in
915 4260 1037 4324 malam
1055 4276 1208 4339 crucem,
1225 4259 1259 4322 in
1276 4259 1400 4323 malam

192 4583 212 4643 ¹)
231 4582 319 4648 Apud
338 4584 453 4637 veteres
473 4586 575 4638 tanren
595 4587 653 4639 tace
672 4598 845 4652 parunrper;
864 4585 963 4639 silandi
983 4584 1071 4639 verbo
1090 4598 1208 4652 perraro
1228 4581 1269 4636 ΡΙ.
1289 4585 1320 4637 81
1336 4582 1400 4638 Τ81.

151 4670 291 4725 utuntur.
