3270 5310
657 322 662 333 ’
750 356 812 419 123

571 598 784 690 Amicum,
816 600 989 670 amicula

202 818 317 884 Unum
349 822 404 884 est
431 818 633 883 vocabulum
658 804 908 883 deminutivum
932 819 1021 897 quod
1045 819 1244 899 saepissime
1268 820 1411 885 adhibet

157 934 401 1016 Macropedius,
417 934 449 999 id
466 935 711 1015 misiniacus,
729 934 761 997 in
775 951 841 1014 quo
854 935 970 998 exitus
982 934 1216 1000 deminutivus
1229 935 1408 1016 aliquoties

158 1050 228 1114 vim
259 1066 358 1114 suam
388 1050 545 1114 amisisse
569 1049 722 1123 videtur,
748 1048 821 1115 aliis
845 1048 926 1114 locis
950 1066 1018 1115 non
1041 1050 1114 1114 sine
1139 1051 1251 1130 aliqua
1273 1051 1407 1131 propria

144 1148 401 1246 'significatione
425 1165 569 1229 accitur.
618 1165 701 1229 Levi
724 1182 803 1230 cum
825 1165 978 1230 irrisione
1002 1166 1125 1231 cicitur
1149 1167 1248 1232 usos.
1274 1167 1348 1232 roe.

389 1332 468 1389 Sunt
485 1332 595 1387 iuniori
614 1334 706 1401 gnato
726 1331 811 1387 herili
831 1332 946 1387 cubiculi
965 1333 1127 1401 sybaritici.

205 1455 275 1510 Hec.
294 1455 354 1509 374.
392 1455 454 1522 Quo
472 1454 546 1510 abiit
566 1455 678 1510 herus?
707 1456 753 1509 Ad
772 1455 940 1519 aiiiindum,
960 1455 1053 1509 animi
1072 1455 1183 1524 gratia,

389 1551 434 1606 Ut
453 1551 565 1620 poculis
584 1551 631 1606 vol
651 1550 766 1606 lusibus
784 1552 894 1607 locisve
913 1554 1035 1620 tempus
1053 1552 1164 1619 exigat.

205 1726 392 1792 caritatem
414 1727 543 1792 indicat
565 1729 664 1792 Asot.
694 1728 790 1793 1553.

534 1893 591 1950 Diu
610 1897 818 1962 exspectatum
839 1897 968 1950 Asotum
988 1895 1142 1950 orriicuiccni

427 1992 575 2048 Reducem
595 1992 671 2046 mihi
690 1993 892 2047 monstrastis

207 2165 237 2232 N
239 2183 282 2232 on
299 2167 462 2231 miramur
478 2167 703 2249 Laemargum
718 2168 859 2233 hilarem
871 2169 1001 2248 sibique
1013 2168 1205 2249 placentem
1217 2168 1410 2234 exclamare

162 2282 255 2367 (Laz.
283 2282 395 2370 1086).

412 2449 456 2504 Ut
475 2464 555 2519 moa,
575 2448 705 2514 criniculi,
725 2451 783 2505 llos
801 2450 957 2505 familiaris
976 2451 1161 2519 complacet?

209 2614 275 2681 Sed
311 2617 424 2681 minus
457 2620 577 2699 aptum
613 2618 749 2682 videtur
780 2618 1028 2683 deminutivum
1062 2619 1117 2682 ubi
1146 2620 1266 2683 mortis
1290 2619 1413 2684 timore

165 2731 366 2812 perterritus
389 2731 597 2798 vociferatur
620 2732 751 2821 (1122).

427 2899 450 2955 Ο
470 2900 599 2964 ordiendi,
620 2915 701 2955 mors
720 2901 874 2964 imminet,
895 2915 976 2956 mors
995 2902 1145 2957 imminet.

210 3046 361 3114 Naturae
397 3066 584 3130 congruum
618 3054 673 3114 est
708 3067 831 3131 pueros
865 3052 956 3115 inter·
991 3068 1028 3114 se
1064 3050 1126 3115 hoc
1162 3050 1326 3115 vocabulo
1362 3051 1412 3115 uti

165 3163 273 3250 (Pctr.
308 3163 462 3251 saepius)
496 3166 556 3230 sed
588 3167 677 3231 inter
708 3166 862 3230 homines
890 3166 1025 3231 adultos
1048 3166 1174 3247 puerile
1199 3169 1235 3230 et
1258 3167 1413 3247 ineptum

166 3280 324 3345 videatur
361 3282 562 3362 praesertim
601 3299 703 3363 saepe
742 3283 776 3346 in
812 3282 980 3361 Hecasto‚
1020 3283 1083 3346 uisi
1119 3285 1315 3346 statuamus
1350 3284 1415 3346 hoc

167 3397 369 3462 vocabulum
408 3401 478 3463 vim
513 3399 761 3464 deminutivum
795 3415 935 3480 prorsus
972 3398 1145 3478 amisisse,
1185 3397 1273 3477 quod
1309 3397 1412 3460 etiam

166 3511 362 3594 intelligitur
386 3529 430 3578 ex
454 3513 535 3578 locis
559 3513 667 3594 qualis
691 3518 746 3578 est
769 3514 839 3578 hic:
876 3513 959 3579 Hec.
986 3514 1060 3579 744.

543 3682 620 3736 Mors
639 3682 717 3750 prior
736 3682 866 3736 amicum
887 3684 1004 3749 separat

543 3777 589 3832 Ab
608 3778 738 3833 <uinculis
757 3777 941 3832 mortalibus.

213 3926 256 3991 Et
279 3944 324 3992 ex
348 3926 483 3992 Psalmo
508 3928 657 3993 Davidis.
706 3927 796 4010 Hyp.
822 3928 887 3991 487
901 3950 906 3991 :

543 4094 695 4163 Elongasti
714 4098 745 4150 ct
764 4095 899 4149 curriculos

543 4194 643 4260 Atquc
662 4207 767 4247 omnes
787 4193 860 4246 ruihi
882 4193 1043 4260 proximos.

214 4340 332 4421 Neque
375 4343 641 4407 obliviscendum
684 4346 738 4407 est
780 4343 994 4407 deminutiva
1029 4346 1167 4423 propter
1207 4338 1415 4420 syllabarum

170 4457 400 4537 quantitatem
424 4459 574 4523 iambicis
597 4462 634 4524 et
657 4459 829 4540 glyconeis
853 4458 972 4522 metris
995 4474 1070 4522 esse
1087 4453 1414 4520 accomodatissima.

197 4571 342 4637 Contra
369 4575 514 4638 amicalo
538 4576 570 4638 in
595 4576 691 4639 exitu
716 4575 995 4655 significationem
1020 4573 1218 4654 plerumque
1242 4568 1417 4645 servavit,
