3270 5310
853 384 915 446 168

383 577 460 641 Mox
484 577 635 657 ingeret,
661 593 802 657 magnae
828 575 1043 640 infidelitatis
1066 575 1288 641 insimulabit.

382 692 496 756 Herus
520 693 696 757 modestus
719 696 790 775 est,
815 692 918 756 herus
941 691 1148 771 tranquillus
1171 694 1242 773 est,
1267 694 1389 756 contra
1404 691 1464 755 illa

325 859 332 874 .
381 808 438 872 Nil
462 807 717 888 immodestius,
742 807 930 887 inquietius
951 807 1240 886 impudentiusve.

380 923 453 987 Iam
477 924 578 1003 plena
601 923 751 1003 compita
774 926 874 1005 sunt,
899 922 934 986 in
959 939 1016 987 ore
1040 925 1094 986 est
1120 923 1274 988 omnium
1298 922 1452 1003 procacis

381 1039 514 1104 Malicia
537 1040 723 1120 foeminae,
748 1039 873 1119 quain
899 1039 1067 1118 optimum
1092 1039 1206 1104 virum
1229 1039 1396 1104 insanivit

384 1155 450 1219 Pro
473 1156 658 1235 pestilente
682 1155 749 1219 filio
774 1154 1039 1234 dignissimeque
1063 1171 1171 1220 caeso.

381 1270 481 1336 Para.
512 1271 548 1335 Si
572 1272 681 1350 ipsam
706 1270 788 1334 mihi
812 1273 949 1334 teneam
974 1270 1105 1334 catenis
1128 1269 1250 1336 ferreis
1274 1269 1448 1335 fortunam
1476 1271 1507 1333 in

327 1439 333 1451 .
383 1386 498 1451 Nervo
529 1387 688 1468 ligatam,
718 1403 785 1451 non
815 1403 938 1466 queam
970 1388 1175 1466 extorquere
1207 1387 1384 1451 commoda
1407 1390 1507 1451 tanta

382 1499 517 1580 Quanta
550 1502 641 1566 ultro
673 1502 741 1566 iam
772 1504 827 1566 est
852 1501 984 1581 largita.
1032 1501 1173 1583 Pipere,
1197 1519 1334 1567 saccaro
1356 1506 1462 1582 atque

1258 1617 1415 1681 cinnamo

380 1732 477 1796 Hanc
501 1733 669 1797 manicam
692 1736 729 1797 et
744 1733 885 1797 intimos
901 1734 996 1798 sinus
1012 1733 1149 1798 tunicae
1165 1733 1313 1813 replevi;
1330 1751 1370 1797 ac
1380 1749 1505 1797 aurum

382 1847 614 1912 suffarcinato
637 1848 736 1929 peplo
760 1849 954 1913 involutum
978 1849 1013 1912 in
1037 1849 1263 1930 subligaculo,
1288 1866 1331 1913 ne

382 1963 417 2027 Sl
441 1963 511 2028 fors
534 1964 581 2027 sit
605 1965 783 2043 explorata
807 1981 861 2028 me
885 1981 1046 2029 crumena
1069 1964 1153 2029 furti
1176 1968 1322 2030 accuset.

327 2126 333 2141 .
382 2079 433 2143 Ex
456 2078 549 2144 mille
573 2080 723 2143 nummis
747 2080 940 2160 quindecim
964 2080 1025 2144 vix
1047 2080 1192 2161 abstuli,
1217 2081 1276 2144 sed
1300 2082 1394 2144 totos

382 2194 518 2259 Rutilos
541 2199 578 2259 et
601 2213 732 2262 aureos.
779 2195 883 2260 Pater
907 2213 974 2260 non
1000 2196 1249 2276 deprehendet;
1273 2195 1392 2276 quodsi

382 2309 626 2391 Deprenderit‚
651 2315 788 2391 tempus
811 2311 948 2376 docebit
970 2311 1050 2391 quid
1076 2329 1157 2376 reus
1180 2314 1389 2393 praetexam.

381 2426 425 2489 Et
448 2428 680 2507 commodum;
706 2444 786 2491 nam
809 2427 908 2490 adest
931 2427 1110 2508 Liturgus‚
1136 2430 1236 2492 autor
1259 2427 1361 2491 huius
1376 2425 1461 2490 furti

383 2541 551 2619 Futurus
577 2544 634 2607 ubi
659 2560 713 2607 res
736 2543 975 2622 postulaverit.
1023 2543 1097 2608 Has
1119 2543 1231 2608 eidem
1254 2543 1370 2607 claves

326 2705 333 2720 .
382 2656 527 2721 Tradam
554 2659 659 2737 atque
687 2658 804 2738 abibo,
828 2657 1068 2738 sodalibusque
1091 2662 1215 2723 cuncta
1238 2674 1319 2722 mox
1342 2656 1505 2736 partibor.

382 2771 466 2850 Quid
490 2772 573 2836 ades
596 2773 762 2853 Liturge?
779 2772 865 2853 Quid
882 2773 1021 2854 inquam
1037 2775 1119 2838 ades
1131 2774 1257 2855 serius,
1271 2773 1328 2838 ubi
1341 2773 1508 2837 transivit

382 2887 501 2952 Ferme
537 2888 620 2952 hora
654 2889 813 2967 prandii?
872 2890 941 2954 Lm.
978 2888 1072 2967 Quod
1107 2889 1196 2954 haud
1232 2905 1368 2969 possem
1403 2887 1508 2952 citius

1190 3002 1331 3084 adipisci
1354 3002 1460 3084 haec,

383 3117 474 3198 Quae
500 3120 657 3185 voluerat
681 3120 869 3184 matercula
892 3124 970 3201 tua,
996 3120 1187 3200 cuniculos,
1210 3119 1380 3201 perdices,

382 3235 527 3314 dapum,
552 3253 726 3317 anserem,
751 3236 907 3300 vervecis
930 3253 1063 3300 armum
1088 3240 1125 3299 ct
1147 3235 1201 3298 his
1223 3233 1357 3299 similia.

328 3402 333 3414 .
382 3349 448 3414 Ubi
481 3353 535 3414 est
565 3351 673 3415 hera?
720 3351 821 3417 Para.
854 3351 952 3415 Abiit
981 3369 1060 3416 cum
1083 3350 1230 3432 familia,
1255 3349 1360 3415 iussit
1381 3352 1418 3413 et
1442 3348 1505 3413 tibi

1345 3464 1461 3530 claves

381 3580 454 3645 Has
485 3582 675 3662 traderem,
701 3599 780 3645 nam
804 3581 990 3646 lectionum
1014 3586 1152 3662 tempus
1175 3583 1244 3663 est,
1269 3580 1387 3645 ludum
1411 3579 1506 3644 adeo.

381 3697 450 3761 er.
476 3696 544 3778 Da,
569 3698 674 3778 vade,
699 3714 742 3761 ne
766 3699 864 3776 pater
888 3697 979 3762 domi
1003 3697 1130 3762 forisve
1155 3698 1190 3759 te
1215 3696 1413 3776 prehendat.

382 3811 482 3877 Para.
508 3812 615 3877 Vado.
633 3812 725 3876 Bene
743 3812 901 3892 estquod
920 3812 1033 3877 omnia
1049 3828 1196 3876 evenere
1213 3811 1398 3876 fortunate.
1424 3809 1506 3890 Hui,

382 3926 478 3992 Vaeh
504 3928 604 4010 mihi,
628 3927 719 3992 redit
742 3931 856 4010 pater,
884 3928 918 3991 ni
943 3928 1042 3992 fallat
1065 3928 1192 3994 oculus.
1242 3927 1341 4007 Ipsus

258 4043 334 4107 570.
381 4043 458 4123 Est3
485 4043 613 4124 aliquid
637 4047 678 4108 ut
703 4061 757 4108 me
781 4043 844 4107 hoc
868 4043 1037 4123 explicem
1061 4059 1187 4124 pavore
1212 4041 1459 4107 comminiscar.

381 4158 573 4223 Adveniatl
599 4159 660 4222 Est
684 4159 772 4239 quod
795 4158 893 4223 facile
917 4158 1143 4238 persuadebo;
1169 4157 1242 4222 obit
1261 4158 1504 4222 commentum.
