<?xml version="1.0" encoding="UTF-8"?>
<!DOCTYPE html PUBLIC "-//W3C//DTD XHTML 1.0 Transitional//EN"
    "http://www.w3.org/TR/xhtml1/DTD/xhtml1-transitional.dtd">
<html xmlns="http://www.w3.org/1999/xhtml" xml:lang="en" lang="en">
 <head>
  <title>
</title>
<meta http-equiv="Content-Type" content="text/html;charset=utf-8" />
  <meta name='ocr-system' content='tesseract 3.04.00' />
  <meta name='ocr-capabilities' content='ocr_page ocr_carea ocr_par ocr_line ocrx_word'/>
</head>
<body>
  <div class='ocr_page' id='page_1' title='image "./dedictionegeorg00macrgoog_0020.png"; bbox 0 0 3270 5310; ppageno 0'>
   <div class='ocr_carea' id='block_1_1' title="bbox 363 1333 1263 1463">
    <p class='ocr_par' dir='ltr' id='par_1_1' title="bbox 363 1333 1263 1463">
     <span class='ocr_line' id='line_1_1' title="bbox 363 1333 1263 1463; baseline 0.007 -36"><span class='ocrx_word' id='word_1_1' title='bbox 363 1333 414 1427; x_wconf 88' lang='lat' dir='ltr'>De</span> <span class='ocrx_word' id='word_1_2' title='bbox 449 1333 604 1457; x_wconf 82' lang='lat' dir='ltr'>Georgii</span> <span class='ocrx_word' id='word_1_3' title='bbox 641 1335 868 1460; x_wconf 86' lang='lat' dir='ltr'>Macropedii</span> <span class='ocrx_word' id='word_1_4' title='bbox 903 1336 986 1431; x_wconf 86' lang='lat' dir='ltr'>vita</span> <span class='ocrx_word' id='word_1_5' title='bbox 1019 1340 1059 1430; x_wconf 85' lang='lat' dir='ltr'>et</span> <span class='ocrx_word' id='word_1_6' title='bbox 1092 1337 1263 1463; x_wconf 84' lang='lat' dir='ltr'>scriptis.</span> 
     </span>
    </p>
   </div>
   <div class='ocr_carea' id='block_1_2' title="bbox 191 1847 1534 4360">
    <p class='ocr_par' dir='ltr' id='par_1_2' title="bbox 191 1847 1534 3558">
     <span class='ocr_line' id='line_1_2' title="bbox 237 1847 1534 1939; baseline 0.003 -26"><span class='ocrx_word' id='word_1_7' title='bbox 237 1848 402 1928; x_wconf 80' lang='lat' dir='ltr'>Georgius</span> <span class='ocrx_word' id='word_1_8' title='bbox 433 1847 668 1929; x_wconf 86' lang='lat' dir='ltr'>Macropedius</span> <span class='ocrx_word' id='word_1_9' title='bbox 691 1848 888 1931; x_wconf 82' lang='lat' dir='ltr'>(vernacule</span> <span class='ocrx_word' id='word_1_10' title='bbox 912 1866 980 1913; x_wconf 87' lang='lat' dir='ltr'>van</span> <span class='ocrx_word' id='word_1_11' title='bbox 1004 1849 1234 1939; x_wconf 85' lang='lat' dir='ltr'>Langhveldt)</span> <span class='ocrx_word' id='word_1_12' title='bbox 1257 1856 1362 1917; x_wconf 90' lang='lat' dir='ltr'>natus</span> <span class='ocrx_word' id='word_1_13' title='bbox 1385 1856 1441 1917; x_wconf 89' lang='lat' dir='ltr'>est</span> <span class='ocrx_word' id='word_1_14' title='bbox 1528 1905 1534 1912; x_wconf 34' lang='lat' dir='ltr'>r</span> 
     </span>
     <span class='ocr_line' id='line_1_3' title="bbox 192 1963 1439 2045; baseline 0.006 -19"><span class='ocrx_word' id='word_1_15' title='bbox 192 1964 280 2027; x_wconf 88' lang='lat' dir='ltr'>circa</span> <span class='ocrx_word' id='word_1_16' title='bbox 303 1980 431 2027; x_wconf 87' lang='lat' dir='ltr'>anuum</span> <span class='ocrx_word' id='word_1_17' title='bbox 455 1964 543 2029; x_wconf 89' lang='lat' dir='ltr'>dom.</span> <span class='ocrx_word' id='word_1_18' title='bbox 573 1965 658 2027; x_wconf 78' lang='lat'>1475</span> <span class='ocrx_word' id='word_1_19' title='bbox 681 1963 716 2026; x_wconf 89' lang='lat' dir='ltr'>in</span> <span class='ocrx_word' id='word_1_20' title='bbox 741 1981 826 2045; x_wconf 88' lang='lat' dir='ltr'>pago</span> <span class='ocrx_word' id='word_1_21' title='bbox 848 1964 990 2029; x_wconf 83' lang='lat' dir='ltr'>Gemert</span> <span class='ocrx_word' id='word_1_22' title='bbox 1005 1966 1039 2030; x_wconf 91' lang='lat' dir='ltr'>in</span> <span class='ocrx_word' id='word_1_23' title='bbox 1056 1965 1186 2031; x_wconf 91' lang='lat' dir='ltr'>dicione</span> <span class='ocrx_word' id='word_1_24' title='bbox 1204 1966 1439 2033; x_wconf 83' lang='lat' dir='ltr'>Silvaduceusi</span> 
     </span>
     <span class='ocr_line' id='line_1_4' title="bbox 192 2078 1437 2163; baseline 0.003 -20"><span class='ocrx_word' id='word_1_25' title='bbox 192 2079 267 2144; x_wconf 92' lang='lat' dir='ltr'>sito.</span> <span class='ocrx_word' id='word_1_26' title='bbox 316 2078 443 2158; x_wconf 73' lang='lat' dir='ltr'>Quibus</span> <span class='ocrx_word' id='word_1_27' title='bbox 475 2079 665 2161; x_wconf 77' lang='lat' dir='ltr'>magistris,</span> <span class='ocrx_word' id='word_1_28' title='bbox 697 2096 764 2159; x_wconf 87' lang='lat' dir='ltr'>qua</span> <span class='ocrx_word' id='word_1_29' title='bbox 795 2080 1011 2144; x_wconf 87' lang='lat' dir='ltr'>institutione</span> <span class='ocrx_word' id='word_1_30' title='bbox 1042 2098 1128 2146; x_wconf 88' lang='lat' dir='ltr'>usus</span> <span class='ocrx_word' id='word_1_31' title='bbox 1155 2082 1201 2146; x_wconf 89' lang='lat' dir='ltr'>sit</span> <span class='ocrx_word' id='word_1_32' title='bbox 1225 2082 1437 2163; x_wconf 90' lang='lat' dir='ltr'>ignoramus;</span> 
     </span>
     <span class='ocr_line' id='line_1_5' title="bbox 192 2194 1441 2275; baseline 0.003 -17"><span class='ocrx_word' id='word_1_33' title='bbox 192 2195 373 2258; x_wconf 88' lang='lat' dir='ltr'>verisimile</span> <span class='ocrx_word' id='word_1_34' title='bbox 404 2198 521 2258; x_wconf 88' lang='lat' dir='ltr'>tamen</span> <span class='ocrx_word' id='word_1_35' title='bbox 552 2194 689 2258; x_wconf 84' lang='lat' dir='ltr'>videtur</span> <span class='ocrx_word' id='word_1_36' title='bbox 720 2211 800 2259; x_wconf 93' lang='lat' dir='ltr'>eum</span> <span class='ocrx_word' id='word_1_37' title='bbox 827 2198 1009 2275; x_wconf 74' lang='lat' dir='ltr'>postquam</span> <span class='ocrx_word' id='word_1_38' title='bbox 1034 2195 1244 2261; x_wconf 84' lang='lat' dir='ltr'>Silvaeducis</span> <span class='ocrx_word' id='word_1_39' title='bbox 1268 2198 1301 2260; x_wconf 90' lang='grc'>111</span> <span class='ocrx_word' id='word_1_40' title='bbox 1325 2198 1441 2262; x_wconf 87' lang='lat' dir='ltr'>schola</span> 
     </span>
     <span class='ocr_line' id='line_1_6' title="bbox 194 2310 1439 2377; baseline 0.002 -3"><span class='ocrx_word' id='word_1_41' title='bbox 194 2310 352 2375; x_wconf 76' lang='lat' dir='ltr'>Fratrum</span> <span class='ocrx_word' id='word_1_42' title='bbox 384 2311 580 2375; x_wconf 85' lang='lat' dir='ltr'>Communis</span> <span class='ocrx_word' id='word_1_43' title='bbox 603 2311 705 2375; x_wconf 89' lang='lat' dir='ltr'>Vitae</span> <span class='ocrx_word' id='word_1_44' title='bbox 729 2311 904 2374; x_wconf 86' lang='lat' dir='ltr'>doctrinae</span> <span class='ocrx_word' id='word_1_45' title='bbox 928 2311 1154 2375; x_wconf 83' lang='lat' dir='ltr'>fundamenta</span> <span class='ocrx_word' id='word_1_46' title='bbox 1177 2312 1295 2376; x_wconf 90' lang='lat' dir='ltr'>iecerit</span> <span class='ocrx_word' id='word_1_47' title='bbox 1318 2312 1439 2377; x_wconf 90' lang='lat' dir='ltr'>deinde</span> 
     </span>
     <span class='ocr_line' id='line_1_7' title="bbox 192 2427 1438 2509; baseline 0.003 -20"><span class='ocrx_word' id='word_1_48' title='bbox 192 2427 224 2490; x_wconf 92' lang='lat' dir='ltr'>in</span> <span class='ocrx_word' id='word_1_49' title='bbox 257 2427 443 2491; x_wconf 77' lang='lat' dir='ltr'>Academia</span> <span class='ocrx_word' id='word_1_50' title='bbox 475 2427 676 2491; x_wconf 84' lang='lat' dir='ltr'>Lovaniensi</span> <span class='ocrx_word' id='word_1_51' title='bbox 700 2427 806 2491; x_wconf 89' lang='lat' dir='ltr'>literis</span> <span class='ocrx_word' id='word_1_52' title='bbox 828 2427 1033 2491; x_wconf 82' lang='lat' dir='ltr'>incubuisse.</span> <span class='ocrx_word' id='word_1_53' title='bbox 1081 2427 1210 2492; x_wconf 87' lang='lat' dir='ltr'>Studiis</span> <span class='ocrx_word' id='word_1_54' title='bbox 1234 2428 1381 2509; x_wconf 79' lang='lat' dir='ltr'>peractis</span> <span class='ocrx_word' id='word_1_55' title='bbox 1404 2429 1438 2492; x_wconf 90' lang='lat' dir='ltr'>in</span> 
     </span>
     <span class='ocr_line' id='line_1_8' title="bbox 192 2541 1438 2627; baseline 0.003 -22"><span class='ocrx_word' id='word_1_56' title='bbox 192 2543 353 2606; x_wconf 82' lang='lat' dir='ltr'>Ordinem</span> <span class='ocrx_word' id='word_1_57' title='bbox 388 2541 503 2606; x_wconf 86' lang='lat' dir='ltr'>Sancti</span> <span class='ocrx_word' id='word_1_58' title='bbox 538 2542 738 2624; x_wconf 87' lang='lat' dir='ltr'>Hieronymi</span> <span class='ocrx_word' id='word_1_59' title='bbox 771 2543 808 2624; x_wconf 87' lang='lat' dir='ltr'>in</span> <span class='ocrx_word' id='word_1_60' title='bbox 840 2542 1018 2607; x_wconf 88' lang='lat' dir='ltr'>Communi</span> <span class='ocrx_word' id='word_1_61' title='bbox 1049 2543 1251 2609; x_wconf 89' lang='lat' dir='ltr'>Viventium</span> <span class='ocrx_word' id='word_1_62' title='bbox 1280 2548 1438 2627; x_wconf 89' lang='lat' dir='ltr'>receptus</span> 
     </span>
     <span class='ocr_line' id='line_1_9' title="bbox 192 2657 1439 2740; baseline 0.003 -19"><span class='ocrx_word' id='word_1_63' title='bbox 192 2657 337 2738; x_wconf 89' lang='lat' dir='ltr'>primum</span> <span class='ocrx_word' id='word_1_64' title='bbox 360 2659 394 2721; x_wconf 90' lang='lat' dir='ltr'>in</span> <span class='ocrx_word' id='word_1_65' title='bbox 418 2658 529 2739; x_wconf 88' lang='lat' dir='ltr'>patria</span> <span class='ocrx_word' id='word_1_66' title='bbox 552 2659 653 2739; x_wconf 88' lang='lat' dir='ltr'>urbe,</span> <span class='ocrx_word' id='word_1_67' title='bbox 678 2658 798 2722; x_wconf 88' lang='lat' dir='ltr'>deinde</span> <span class='ocrx_word' id='word_1_68' title='bbox 823 2659 953 2739; x_wconf 88' lang='lat' dir='ltr'>Leodii,</span> <span class='ocrx_word' id='word_1_69' title='bbox 972 2662 1094 2740; x_wconf 89' lang='lat' dir='ltr'>postca</span> <span class='ocrx_word' id='word_1_70' title='bbox 1110 2660 1287 2725; x_wconf 88' lang='lat' dir='ltr'>Uitraiecti</span> <span class='ocrx_word' id='word_1_71' title='bbox 1304 2661 1439 2725; x_wconf 89' lang='lat' dir='ltr'>scholae</span> 
     </span>
     <span class='ocr_line' id='line_1_10' title="bbox 191 2772 1441 2860; baseline 0.002 -23"><span class='ocrx_word' id='word_1_72' title='bbox 191 2773 478 2856; x_wconf 87' lang='lat' dir='ltr'>Hieronymianae</span> <span class='ocrx_word' id='word_1_73' title='bbox 503 2774 651 2854; x_wconf 73' lang='lat' dir='ltr'>praefuit</span> <span class='ocrx_word' id='word_1_74' title='bbox 674 2772 707 2860; x_wconf 88' lang='lat'>¹).</span> <span class='ocrx_word' id='word_1_75' title='bbox 756 2773 916 2839; x_wconf 83' lang='lat' dir='ltr'>Ceterum</span> <span class='ocrx_word' id='word_1_76' title='bbox 940 2792 1008 2840; x_wconf 90' lang='lat' dir='ltr'>non</span> <span class='ocrx_word' id='word_1_77' title='bbox 1032 2775 1170 2840; x_wconf 84' lang='lat' dir='ltr'>videtur</span> <span class='ocrx_word' id='word_1_78' title='bbox 1192 2776 1342 2841; x_wconf 85' lang='lat' dir='ltr'>virorum</span> <span class='ocrx_word' id='word_1_79' title='bbox 1363 2778 1441 2841; x_wconf 88' lang='lat' dir='ltr'>doc-</span> 
     </span>
     <span class='ocr_line' id='line_1_11' title="bbox 193 2890 1440 2972; baseline 0.003 -20"><span class='ocrx_word' id='word_1_80' title='bbox 193 2894 305 2954; x_wconf 89' lang='lat' dir='ltr'>torum</span> <span class='ocrx_word' id='word_1_81' title='bbox 336 2907 419 2953; x_wconf 86' lang='lat' dir='ltr'>suae</span> <span class='ocrx_word' id='word_1_82' title='bbox 444 2890 569 2953; x_wconf 85' lang='lat' dir='ltr'>aetatis</span> <span class='ocrx_word' id='word_1_83' title='bbox 594 2890 876 2954; x_wconf 87' lang='lat' dir='ltr'>consuetudinem</span> <span class='ocrx_word' id='word_1_84' title='bbox 900 2896 1042 2955; x_wconf 87' lang='lat' dir='ltr'>secutus</span> <span class='ocrx_word' id='word_1_85' title='bbox 1065 2891 1240 2957; x_wconf 84' lang='lat' dir='ltr'>doctrinae</span> <span class='ocrx_word' id='word_1_86' title='bbox 1265 2892 1440 2972; x_wconf 85' lang='lat' dir='ltr'>augendae</span> 
     </span>
     <span class='ocr_line' id='line_1_12' title="bbox 192 3005 1439 3088; baseline 0.002 -19"><span class='ocrx_word' id='word_1_87' title='bbox 192 3023 296 3070; x_wconf 63' lang='lat' dir='ltr'>cerusa</span> <span class='ocrx_word' id='word_1_88' title='bbox 322 3023 482 3086; x_wconf 86' lang='lat' dir='ltr'>magnam</span> <span class='ocrx_word' id='word_1_89' title='bbox 508 3005 651 3087; x_wconf 73' lang='lat' dir='ltr'>Galliae,</span> <span class='ocrx_word' id='word_1_90' title='bbox 677 3006 897 3087; x_wconf 86' lang='lat' dir='ltr'>Germaniae,</span> <span class='ocrx_word' id='word_1_91' title='bbox 921 3006 1039 3071; x_wconf 88' lang='lat' dir='ltr'>Italiae</span> <span class='ocrx_word' id='word_1_92' title='bbox 1063 3010 1198 3087; x_wconf 87' lang='lat' dir='ltr'>partem</span> <span class='ocrx_word' id='word_1_93' title='bbox 1223 3024 1439 3088; x_wconf 83' lang='lat' dir='ltr'>peragrasse,</span> 
     </span>
     <span class='ocr_line' id='line_1_13' title="bbox 194 3121 1440 3202; baseline 0.003 -18"><span class='ocrx_word' id='word_1_94' title='bbox 194 3138 302 3201; x_wconf 87' lang='lat' dir='ltr'>neque</span> <span class='ocrx_word' id='word_1_95' title='bbox 325 3139 532 3202; x_wconf 81' lang='lat' dir='ltr'>quamquain</span> <span class='ocrx_word' id='word_1_96' title='bbox 558 3121 680 3185; x_wconf 75' lang='lat' dir='ltr'>iii-bulis</span> <span class='ocrx_word' id='word_1_97' title='bbox 703 3122 775 3186; x_wconf 90' lang='lat' dir='ltr'>suis</span> <span class='ocrx_word' id='word_1_98' title='bbox 798 3123 884 3188; x_wconf 86' lang='lat' dir='ltr'>satis</span> <span class='ocrx_word' id='word_1_99' title='bbox 909 3123 1060 3188; x_wconf 88' lang='lat' dir='ltr'>ostendit</span> <span class='ocrx_word' id='word_1_100' title='bbox 1080 3140 1118 3187; x_wconf 88' lang='lat' dir='ltr'>se</span> <span class='ocrx_word' id='word_1_101' title='bbox 1135 3123 1310 3187; x_wconf 92' lang='lat' dir='ltr'>hominum</span> <span class='ocrx_word' id='word_1_102' title='bbox 1327 3140 1440 3188; x_wconf 89' lang='lat' dir='ltr'>mores</span> 
     </span>
     <span class='ocr_line' id='line_1_14' title="bbox 193 3238 1440 3320; baseline 0.002 -20"><span class='ocrx_word' id='word_1_103' title='bbox 193 3238 318 3318; x_wconf 90' lang='lat' dir='ltr'>optime</span> <span class='ocrx_word' id='word_1_104' title='bbox 343 3254 461 3317; x_wconf 89' lang='lat' dir='ltr'>nosse,</span> <span class='ocrx_word' id='word_1_105' title='bbox 485 3239 670 3302; x_wconf 87' lang='lat' dir='ltr'>multorum</span> <span class='ocrx_word' id='word_1_106' title='bbox 695 3238 781 3302; x_wconf 90' lang='lat' dir='ltr'>vidit</span> <span class='ocrx_word' id='word_1_107' title='bbox 804 3240 924 3320; x_wconf 90' lang='lat' dir='ltr'>urbes,</span> <span class='ocrx_word' id='word_1_108' title='bbox 941 3242 981 3303; x_wconf 91' lang='lat' dir='ltr'>ut</span> <span class='ocrx_word' id='word_1_109' title='bbox 996 3242 1094 3319; x_wconf 89' lang='lat' dir='ltr'>patet</span> <span class='ocrx_word' id='word_1_110' title='bbox 1109 3256 1154 3303; x_wconf 82' lang='lat' dir='ltr'>ex</span> <span class='ocrx_word' id='word_1_111' title='bbox 1170 3239 1277 3319; x_wconf 87' lang='lat' dir='ltr'>elegia</span> <span class='ocrx_word' id='word_1_112' title='bbox 1292 3238 1440 3318; x_wconf 86' lang='lat' dir='ltr'>quadam</span> 
     </span>
     <span class='ocr_line' id='line_1_15' title="bbox 192 3352 1441 3434; baseline -0.001 -17"><span class='ocrx_word' id='word_1_113' title='bbox 192 3370 295 3433; x_wconf 87' lang='lat' dir='ltr'>quam</span> <span class='ocrx_word' id='word_1_114' title='bbox 326 3354 359 3416; x_wconf 93' lang='lat' dir='ltr'>in</span> <span class='ocrx_word' id='word_1_115' title='bbox 384 3371 462 3418; x_wconf 89' lang='lat' dir='ltr'>eum</span> <span class='ocrx_word' id='word_1_116' title='bbox 486 3356 677 3434; x_wconf 85' lang='lat' dir='ltr'>composuit</span> <span class='ocrx_word' id='word_1_117' title='bbox 700 3355 873 3419; x_wconf 83' lang='lat' dir='ltr'>Arnoldus</span> <span class='ocrx_word' id='word_1_118' title='bbox 897 3353 1066 3418; x_wconf 82' lang='lat' dir='ltr'>Trichtius</span> <span class='ocrx_word' id='word_1_119' title='bbox 1089 3352 1340 3434; x_wconf 84' lang='lat' dir='ltr'>Noviomagus,</span> <span class='ocrx_word' id='word_1_120' title='bbox 1365 3370 1441 3434; x_wconf 91' lang='lat' dir='ltr'>pro-</span> 
     </span>
     <span class='ocr_line' id='line_1_16' title="bbox 192 3469 1101 3558; baseline 0.001 -26"><span class='ocrx_word' id='word_1_121' title='bbox 192 3469 339 3534; x_wconf 85' lang='lat' dir='ltr'>fessione</span> <span class='ocrx_word' id='word_1_122' title='bbox 363 3469 652 3551; x_wconf 89' lang='lat' dir='ltr'>Hieronymianus</span> <span class='ocrx_word' id='word_1_123' title='bbox 673 3469 714 3558; x_wconf 66' lang='grc'>2);</span> <span class='ocrx_word' id='word_1_124' title='bbox 739 3470 795 3534; x_wconf 89' lang='lat' dir='ltr'>ubi</span> <span class='ocrx_word' id='word_1_125' title='bbox 819 3469 978 3549; x_wconf 87' lang='lat' dir='ltr'>leguntur</span> <span class='ocrx_word' id='word_1_126' title='bbox 1002 3469 1101 3533; x_wconf 88' lang='lat' dir='ltr'>haec:</span> 
     </span>
    </p>

    <p class='ocr_par' dir='ltr' id='par_1_3' title="bbox 370 3609 1255 3779">
     <span class='ocr_line' id='line_1_17' title="bbox 370 3609 1255 3680; baseline -0.003 -13"><span class='ocrx_word' id='word_1_127' title='bbox 370 3611 480 3667; x_wconf 83' lang='lat' dir='ltr'>Cuncta</span> <span class='ocrx_word' id='word_1_128' title='bbox 500 3626 550 3680; x_wconf 88' lang='lat' dir='ltr'>per</span> <span class='ocrx_word' id='word_1_129' title='bbox 568 3612 733 3666; x_wconf 87' lang='lat' dir='ltr'>immensos</span> <span class='ocrx_word' id='word_1_130' title='bbox 752 3625 826 3679; x_wconf 90' lang='lat' dir='ltr'>quae</span> <span class='ocrx_word' id='word_1_131' title='bbox 845 3609 952 3665; x_wconf 83' lang='lat' dir='ltr'>attrita</span> <span class='ocrx_word' id='word_1_132' title='bbox 970 3611 1076 3678; x_wconf 87' lang='lat' dir='ltr'>Lyceia</span> <span class='ocrx_word' id='word_1_133' title='bbox 1096 3610 1255 3678; x_wconf 86' lang='lat' dir='ltr'>propinant</span> 
     </span>
     <span class='ocr_line' id='line_1_18' title="bbox 406 3709 1023 3779; baseline -0.003 -15"><span class='ocrx_word' id='word_1_134' title='bbox 406 3711 566 3779; x_wconf 80' lang='lat' dir='ltr'>sumptus,</span> <span class='ocrx_word' id='word_1_135' title='bbox 585 3711 697 3778; x_wconf 88' lang='lat' dir='ltr'>ingenii</span> <span class='ocrx_word' id='word_1_136' title='bbox 717 3711 764 3765; x_wconf 85' lang='lat' dir='ltr'>vis</span> <span class='ocrx_word' id='word_1_137' title='bbox 782 3710 864 3764; x_wconf 88' lang='lat' dir='ltr'>dedit</span> <span class='ocrx_word' id='word_1_138' title='bbox 884 3725 944 3765; x_wconf 84' lang='lat' dir='ltr'>una</span> <span class='ocrx_word' id='word_1_139' title='bbox 962 3709 1023 3763; x_wconf 89' lang='lat' dir='ltr'>tibi.</span> 
     </span>
    </p>

    <p class='ocr_par' dir='ltr' id='par_1_4' title="bbox 371 3807 1217 3961">
     <span class='ocr_line' id='line_1_19' title="bbox 371 3807 1217 3877; baseline -0.005 -14"><span class='ocrx_word' id='word_1_140' title='bbox 371 3809 437 3863; x_wconf 83' lang='lat' dir='ltr'>Non</span> <span class='ocrx_word' id='word_1_141' title='bbox 456 3808 509 3862; x_wconf 87' lang='lat' dir='ltr'>tibi</span> <span class='ocrx_word' id='word_1_142' title='bbox 530 3808 649 3863; x_wconf 85' lang='lat' dir='ltr'>Lutetia</span> <span class='ocrx_word' id='word_1_143' title='bbox 668 3809 729 3877; x_wconf 86' lang='lat' dir='ltr'>est,</span> <span class='ocrx_word' id='word_1_144' title='bbox 748 3822 809 3862; x_wconf 91' lang='lat' dir='ltr'>non</span> <span class='ocrx_word' id='word_1_145' title='bbox 829 3808 891 3862; x_wconf 83' lang='lat' dir='ltr'>visa</span> <span class='ocrx_word' id='word_1_146' title='bbox 908 3807 1042 3876; x_wconf 82' lang='lat' dir='ltr'>Colonia,</span> <span class='ocrx_word' id='word_1_147' title='bbox 1063 3821 1122 3860; x_wconf 90' lang='lat' dir='ltr'>non</span> <span class='ocrx_word' id='word_1_148' title='bbox 1143 3820 1217 3874; x_wconf 85' lang='lat' dir='ltr'>quas</span> 
     </span>
     <span class='ocr_line' id='line_1_20' title="bbox 407 3902 978 3961; baseline -0.004 -1"><span class='ocrx_word' id='word_1_149' title='bbox 407 3906 451 3961; x_wconf 85' lang='lat' dir='ltr'>Ex</span> <span class='ocrx_word' id='word_1_150' title='bbox 471 3906 580 3960; x_wconf 86' lang='lat' dir='ltr'>studiis</span> <span class='ocrx_word' id='word_1_151' title='bbox 599 3905 686 3960; x_wconf 89' lang='lat' dir='ltr'>urbes</span> <span class='ocrx_word' id='word_1_152' title='bbox 705 3902 782 3960; x_wconf 85' lang='lat' dir='ltr'>Itala</span> <span class='ocrx_word' id='word_1_153' title='bbox 800 3906 880 3959; x_wconf 84' lang='lat' dir='ltr'>terra</span> <span class='ocrx_word' id='word_1_154' title='bbox 899 3904 978 3959; x_wconf 89' lang='lat' dir='ltr'>colit.</span> 
     </span>
    </p>

    <p class='ocr_par' dir='ltr' id='par_1_5' title="bbox 371 4000 1085 4168">
     <span class='ocr_line' id='line_1_21' title="bbox 371 4000 1085 4058; baseline -0.006 0"><span class='ocrx_word' id='word_1_155' title='bbox 371 4006 413 4058; x_wconf 88' lang='lat' dir='ltr'>At</span> <span class='ocrx_word' id='word_1_156' title='bbox 432 4003 503 4057; x_wconf 91' lang='lat' dir='ltr'>dum</span> <span class='ocrx_word' id='word_1_157' title='bbox 523 4002 638 4058; x_wconf 82' lang='lat' dir='ltr'>Silvosa</span> <span class='ocrx_word' id='word_1_158' title='bbox 657 4002 760 4058; x_wconf 86' lang='lat' dir='ltr'>ludum</span> <span class='ocrx_word' id='word_1_159' title='bbox 781 4001 944 4055; x_wconf 84' lang='lat' dir='ltr'>moderaris</span> <span class='ocrx_word' id='word_1_160' title='bbox 962 4001 994 4055; x_wconf 92' lang='lat' dir='ltr'>in</span> <span class='ocrx_word' id='word_1_161' title='bbox 1013 4000 1085 4055; x_wconf 91' lang='lat' dir='ltr'>urbe</span> 
     </span>
     <span class='ocr_line' id='line_1_22' title="bbox 407 4097 1067 4168; baseline -0.006 -14"><span class='ocrx_word' id='word_1_162' title='bbox 407 4101 501 4168; x_wconf 88' lang='lat' dir='ltr'>Inque</span> <span class='ocrx_word' id='word_1_163' title='bbox 521 4100 583 4168; x_wconf 85' lang='lat' dir='ltr'>illa,</span> <span class='ocrx_word' id='word_1_164' title='bbox 603 4112 678 4168; x_wconf 87' lang='lat' dir='ltr'>quae</span> <span class='ocrx_word' id='word_1_165' title='bbox 697 4099 768 4153; x_wconf 90' lang='lat' dir='ltr'>olim</span> <span class='ocrx_word' id='word_1_166' title='bbox 788 4098 877 4166; x_wconf 82' lang='lat' dir='ltr'>Legia</span> <span class='ocrx_word' id='word_1_167' title='bbox 896 4098 975 4153; x_wconf 88' lang='lat' dir='ltr'>dicta</span> <span class='ocrx_word' id='word_1_168' title='bbox 994 4097 1067 4166; x_wconf 87' lang='lat' dir='ltr'>suit,</span> 
     </span>
    </p>

    <p class='ocr_par' dir='ltr' id='par_1_6' title="bbox 371 4194 1196 4360">
     <span class='ocr_line' id='line_1_23' title="bbox 371 4194 1196 4264; baseline -0.008 -11"><span class='ocrx_word' id='word_1_169' title='bbox 371 4200 471 4264; x_wconf 77' lang='lat' dir='ltr'>Atque</span> <span class='ocrx_word' id='word_1_170' title='bbox 491 4196 648 4251; x_wconf 84' lang='lat' dir='ltr'>Ultraiecti</span> <span class='ocrx_word' id='word_1_171' title='bbox 667 4196 805 4263; x_wconf 84' lang='lat' dir='ltr'>tandem,</span> <span class='ocrx_word' id='word_1_172' title='bbox 824 4196 867 4250; x_wconf 88' lang='lat' dir='ltr'>sio</span> <span class='ocrx_word' id='word_1_173' title='bbox 885 4195 991 4249; x_wconf 86' lang='lat' dir='ltr'>doctus</span> <span class='ocrx_word' id='word_1_174' title='bbox 1009 4194 1045 4248; x_wconf 85' lang='lat' dir='ltr'>ad</span> <span class='ocrx_word' id='word_1_175' title='bbox 1066 4207 1196 4261; x_wconf 85' lang='lat' dir='ltr'>unguem</span> 
     </span>
     <span class='ocr_line' id='line_1_24' title="bbox 407 4291 1042 4360; baseline -0.009 -11"><span class='ocrx_word' id='word_1_176' title='bbox 407 4294 524 4358; x_wconf 75' lang='lat' dir='ltr'>Pindis,</span> <span class='ocrx_word' id='word_1_177' title='bbox 544 4294 578 4348; x_wconf 94' lang='lat' dir='ltr'>ut</span> <span class='ocrx_word' id='word_1_178' title='bbox 598 4293 693 4360; x_wconf 85' lang='lat' dir='ltr'>possit</span> <span class='ocrx_word' id='word_1_179' title='bbox 711 4306 800 4347; x_wconf 89' lang='lat' dir='ltr'>nemo</span> <span class='ocrx_word' id='word_1_180' title='bbox 819 4295 940 4358; x_wconf 89' lang='lat' dir='ltr'>stupere</span> <span class='ocrx_word' id='word_1_181' title='bbox 960 4291 1042 4345; x_wconf 80' lang='lat' dir='ltr'>satis</span> 
     </span>
    </p>
   </div>
   <div class='ocr_carea' id='block_1_3' title="bbox 276 4437 399 4445">
    <p class='ocr_par' dir='ltr' id='par_1_7' title="bbox 276 4437 399 4445">
     <span class='ocr_line' id='line_1_25' title="bbox 276 4437 399 4445; baseline 0 -1"><span class='ocrx_word' id='word_1_182' title='bbox 276 4437 399 4445; x_wconf 79' lang='lat'>.---—-</span> 
     </span>
    </p>
   </div>
   <div class='ocr_carea' id='block_1_4' title="bbox 247 4536 1142 4697">
    <p class='ocr_par' dir='ltr' id='par_1_8' title="bbox 247 4536 1142 4697">
     <span class='ocr_line' id='line_1_26' title="bbox 250 4536 1142 4607; baseline -0.013 -6"><span class='ocrx_word' id='word_1_183' title='bbox 250 4540 373 4601; x_wconf 68' lang='grc' dir='ltr'>Ι111131).</span> <span class='ocrx_word' id='word_1_184' title='bbox 394 4541 603 4607; x_wconf 75' lang='lat' dir='ltr'>Bnanasuus,</span> <span class='ocrx_word' id='word_1_185' title='bbox 623 4539 790 4594; x_wconf 83' lang='lat' dir='ltr'>Traiectum</span> <span class='ocrx_word' id='word_1_186' title='bbox 809 4536 976 4604; x_wconf 88' lang='lat' dir='ltr'>eruditum,</span> <span class='ocrx_word' id='word_1_187' title='bbox 996 4549 1061 4603; x_wconf 87' lang='lat' dir='ltr'>pag.</span> <span class='ocrx_word' id='word_1_188' title='bbox 1082 4536 1142 4589; x_wconf 81' lang='grc'><strong>2110.</strong></span> 
     </span>
     <span class='ocr_line' id='line_1_27' title="bbox 247 4624 942 4697; baseline -0.01 -13"><span class='ocrx_word' id='word_1_189' title='bbox 247 4634 269 4694; x_wconf 80' lang='lat'>²)</span> <span class='ocrx_word' id='word_1_190' title='bbox 288 4628 440 4697; x_wconf 73' lang='lat' dir='ltr'>Forpnxs,</span> <span class='ocrx_word' id='word_1_191' title='bbox 460 4627 643 4683; x_wconf 86' lang='lat' dir='ltr'>Bibliotheca</span> <span class='ocrx_word' id='word_1_192' title='bbox 662 4624 776 4695; x_wconf 84' lang='lat' dir='ltr'>Belgica</span> <span class='ocrx_word' id='word_1_193' title='bbox 796 4639 861 4694; x_wconf 86' lang='lat' dir='ltr'>pag.</span> <span class='ocrx_word' id='word_1_194' title='bbox 881 4625 942 4680; x_wconf 76' lang='lat'>340.</span> 
     </span>
    </p>
   </div>
   <div class='ocr_carea' id='block_1_5' title="bbox 0 0 1641 5310">
    <p class='ocr_par' dir='ltr' id='par_1_9' title="bbox 0 0 1641 5310">
     <span class='ocr_line' id='line_1_28' title="bbox 0 0 1641 5310; baseline 0 0"><span class='ocrx_word' id='word_1_195' title='bbox 0 0 1641 5310; x_wconf 95' lang='lat' dir='ltr'> </span> 
     </span>
    </p>
   </div>
  </div>
 </body>
</html>
