3270 5310
859 399 902 463 84

300 591 461 655 obmutire
486 623 526 648 =
552 592 797 656 obmutescere.
846 590 928 654 Reb.
953 591 1028 656 656.

505 732 573 787 Abi!
595 732 714 800 Alioqui
733 731 856 786 ensibus
874 733 1058 787 concidimus
1077 733 1116 786 15.
1135 730 1272 785 Obmutil

300 856 479 920 obsordere
504 887 544 910 =
571 855 823 919 obsurdescere.
851 855 927 919 Laz.
953 856 1028 920 916.

499 996 537 1050 111
556 997 645 1064 deus,
665 997 699 1050 ut
718 996 881 1050 obsurdent
900 996 975 1050 mibi
994 1009 1081 1049 aures
1099 995 1251 1050 omnium!

300 1121 469 1201 obstupere
493 1151 534 1174 =
560 1119 811 1198 obstupescere.
858 1118 996 1198 Epistol.
1022 1119 1074 1183 91.

498 1258 648 1326 Obstupeo
667 1260 693 1313 si
713 1274 773 1314 non
791 1260 823 1314 51
842 1260 906 1326 ipsa
926 1261 1034 1315 natura
1052 1259 1108 1314 hoc
1127 1259 1260 1314 suadeat.

301 1384 454 1462 reflorere
478 1414 519 1437 =
544 1382 771 1448 reflorescere.
819 1382 911 1448 Petr.
936 1382 1013 1448 704.

495 1523 538 1579 Ut
557 1537 644 1578 meus
662 1523 760 1578 dolore
779 1523 880 1579 tabida
898 1523 954 1578 Per
973 1523 1112 1578 Liberum
1131 1522 1276 1578 refloreat.

300 1650 445 1729 resipere
470 1679 509 1703 =
535 1648 743 1729 resipiscere.
792 1651 889 1713 Asot.
918 1650 1012 1712 1211.

578 1790 668 1856 Spero
687 1790 791 1844 tamen
811 1789 891 1856 Quod
910 1789 1032 1856 resipiet
1051 1789 1184 1843 tandem.

357 1885 403 1939 Al.
422 1886 475 1940 553
495 1885 675 1940 Bacchidum
696 1900 777 1940 more
797 1887 943 1941 hactenus
962 1885 1110 1940 Bacchata
1128 1884 1251 1940 tandem
1270 1884 1401 1951 resipiat.

301 2009 377 2073 Alia
401 2008 563 2073 notabilia
586 2012 669 2073 sunt
692 2009 793 2073 haec:

301 2125 455 2188 abdicare
480 2153 521 2180 =
545 2124 728 2189 abstinere.

679 2265 756 2319 Petr.
776 2265 811 2318 46
830 2263 963 2318 abdicare
982 2263 1089 2317 fabulis

305 2388 506 2453 israelitae
528 2388 562 2475 ¹).

523 2530 616 2583 Andr.
637 2529 688 2583 183
707 2529 784 2582 ostia
802 2528 910 2583 domus
928 2526 1077 2582 acclusero

526 2627 607 2680 Basa.
627 2625 678 2680 231
700 2624 806 2679 melius
824 2626 872 2679 est
890 2623 1041 2679 occludam
1062 2626 1096 2678 111
1115 2624 1237 2679 ostium.

302 2750 457 2813 adbibere
481 2780 521 2803 =
547 2749 681 2814 addere.

562 2889 609 2942 Al.
628 2889 680 2943 209
700 2890 809 2942 Assem
827 2888 942 2943 adhibe.
963 2918 999 2926 -
1018 2887 1095 2952 Eho,
1114 2888 1198 2943 adde.

302 3013 493 3077 adalberino
517 3013 646 3093 copula.

466 3155 560 3208 Andr.
579 3153 632 3209 548
650 3153 734 3208 foeda
753 3154 785 3206 in
805 3154 913 3207 rua1ito
932 3151 1036 3221 copula
1054 3155 1102 3207 est
1120 3151 1297 3207 adulterina.

304 3278 518 3356 Xaffcbulori
540 3294 631 3357 pass
678 3277 778 3341 Asot.
805 3277 901 3341 1297.

561 3419 700 3474 Vidimus
721 3432 771 3472 eas
791 3418 859 3472 huic
878 3419 967 3484 accipi
989 3416 1201 3484 pertransitor,

560 3513 722 3570 Affabulari
743 3514 878 3578 mollius,
897 3515 1076 3568 suavissime

561 3613 680 3680 Quoque
699 3611 866 3666 oscularier.

305 3738 479 3817 ><recreatio
502 3734 762 3824 (maledictum).

472 3879 565 3934 Andr.
584 3878 637 3932 359
656 3877 817 3944 Quadrato,
836 3877 966 3940 sordide,
985 3875 1134 3932 lutulente
1152 3876 1292 3945 agrestio.

303 4004 534 4067 concredentes
559 4034 599 4058 =
624 4003 752 4081 tristis,
777 4001 929 4066 acerbus.

295 4145 379 4198 Asot.
407 4145 461 4199 808
479 4143 676 4198 amarulentis
695 4143 857 4210 gemitibus
875 4157 935 4197 vox
953 4143 1035 4197 illius
1053 4141 1203 4211 singultit.
1234 4142 1297 4196 Hoc
1316 4156 1354 4196 ex
1375 4140 1507 4209 Vulgata

260 4254 399 4295 manasse
423 4241 550 4295 videtur.
574 4241 609 4295 ei.
635 4241 703 4295 Luc.
729 4240 778 4307 22,
796 4241 840 4296 62.
860 4240 897 4294 Et
916 4254 1053 4307 egressus
1072 4239 1149 4295 fores
1167 4239 1275 4294 Petrus
1294 4238 1377 4294 flevit
1395 4252 1506 4293 amare.

365 4415 468 4422 .-...—.

296 4543 318 4609 ¹)
337 4542 488 4597 Asterisco
521 4543 623 4597 notavi
652 4541 794 4597 vocabula
822 4557 896 4610 quae
932 4556 985 4597 nec
1013 4543 1090 4609 apud
1118 4541 1317 4599 Foroellinum
1346 4556 1400 4598 neo
1426 4543 1505 4611 apud

79 4660 241 4992 x
259 4629 399 4699 Ducange
416 4629 529 4685 inveni.
