3270 5310
857 365 922 429 110

306 559 468 623 Eiusdem
503 558 587 622 vitia
622 557 760 622 hilarius
796 560 832 621 et
865 557 1010 622 iocosius
1046 559 1270 622 recensentur
1300 575 1320 622 a
1349 556 1510 622 Sathena.

260 675 343 739 Hec.
373 674 460 739 1586
484 691 556 754 sqq.

685 816 820 871 Primum
840 815 976 869 omnium
996 815 1143 882 superbus
1161 815 1209 869 est

493 913 531 967 Et
549 927 706 981 arrogans,
726 914 793 967 tum
812 913 844 967 in
863 912 1001 980 aedibuS,
1019 914 1085 967 tum
1105 914 1137 966 in
1158 911 1307 976 vestibus;

494 1011 675 1078 Laemargus
693 1011 755 1079 est,
775 1010 920 1065 scortator
938 1012 1000 1079 est,
1019 1009 1137 1065 adulter
1155 1010 1217 1078 est,

492 1108 653 1175 Oppressor
672 1110 733 1172 est,
753 1107 901 1162 detractor
919 1107 981 1176 est,
999 1107 1112 1162 derisor
1130 1108 1191 1171 est,

493 1204 619 1259 Odiosus
637 1205 685 1259 est
703 1207 734 1259 et
753 1205 889 1268 invidus,
909 1205 1001 1259 donat
1021 1203 1111 1268 nihil,

493 1300 566 1356 Orat
587 1301 679 1365 nihil,
696 1302 811 1355 ieiunat
828 1302 883 1355 aut
902 1300 1006 1368 vigilat
1027 1301 1118 1364 nihil,

494 1399 575 1454 Nihil
595 1399 663 1454 boni
683 1413 817 1466 unquam
835 1399 945 1466 gessit,
964 1399 996 1452 at
1015 1412 1132 1466 semper
1151 1398 1221 1454 mali

496 1497 590 1564 Quam
610 1496 783 1562 plurimum.

310 1621 348 1684 ln
374 1621 476 1685 choro
499 1620 632 1700 Iosephi
656 1620 712 1684 ubi
737 1620 861 1684 Bacchi
884 1619 1002 1684 laudes
1026 1620 1266 1701 praedicantur
1289 1620 1411 1701 legitur
1429 1620 1514 1684 haec

263 1738 407 1818 stropha
429 1737 494 1803 los.
522 1737 617 1802 1272.

592 1878 635 1932 Ut
655 1892 734 1932 unus
753 1879 816 1944 ipse
834 1878 971 1940 iusserit,

592 1976 721 2045 Nucem,
740 1975 917 2039 remittunt,
936 1975 1108 2043 verberant,

593 2072 737 2135 vastant,
756 2073 895 2136 struunt,
916 2071 1050 2141 vellunt,
1069 2074 1176 2127 serunt

595 2170 632 2224 Et
652 2183 731 2224 unus
750 2170 814 2237 ipse
832 2170 979 2224 immunis
997 2171 1051 2224 est.

309 2292 386 2358 Non
410 2293 520 2357 solum
547 2296 663 2357 tamen
687 2293 809 2373 gaudio
832 2296 868 2356 et
891 2293 980 2372 iocO,
1005 2292 1065 2356 sed
1089 2296 1184 2357 etam
1208 2293 1312 2357 dolori
1329 2309 1391 2357 sua
1408 2293 1514 2356 verba

265 2411 421 2488 praestat
456 2407 556 2474 Macr.
596 2408 702 2473 Velut
731 2408 804 2472 Eva
835 2408 978 2473 Abelem
1010 2407 1115 2472 illium
1146 2424 1286 2472 caesum
1316 2408 1512 2488 invenisne,

265 2524 381 2588 dolore
405 2540 524 2588 amens
549 2524 736 2589 exclamat:
773 2523 827 2588 Ad
852 2524 927 2588 230.

497 2665 563 2720 Heu
581 2667 672 2733 gnate
693 2666 781 2735 Abel,
801 2666 851 2733 qui
871 2668 935 2720 tam
954 2664 1012 2720 fuit
1031 2665 1123 2720 frater
1141 2667 1213 2721 tuus

496 2762 628 2817 Crudelis
647 2764 679 2817 iu
699 2765 743 2828 te,
763 2764 856 2818 durus
875 2765 906 2818 in
926 2778 991 2818 mea
1011 2764 1138 2831 viscera,
1158 2764 1189 2817 in

496 2859 591 2914 Deum
610 2859 736 2928 impius,
756 2861 792 2915 ut
811 2861 842 2914 in
861 2861 1067 2924 innocentem,
1085 2859 1244 2915 amabilem
1264 2862 1295 2914 et

498 2956 673 3011 Piissimum
692 2959 734 3012 lta
754 2957 897 3018 saeviret,
916 2958 1077 3021 insaniret,
1097 2959 1131 3011 ut

496 3054 535 3108 Te
554 3055 702 3114 caederet,
722 3054 868 3108 mactaret
886 3055 976 3121 atque
994 3054 1208 3121 extingueret?

497 3151 565 3206 Heu
584 3151 718 3206 membra
738 3151 861 3218 pulchra
879 3153 910 3205 et
928 3149 1081 3215 amabilia,
1101 3164 1190 3218 quam
1211 3150 1318 3214 lurida,

498 3247 638 3311 Tumida,
658 3248 765 3316 rigide,
785 3248 884 3302 vestro
903 3248 935 3301 in
955 3247 1093 3315 nigrante
1113 3247 1259 3315 sanguine

497 3342 604 3398 Colhsa
622 3344 682 3398 iam
703 3344 865 3399 tabescitis.

312 3466 428 3531 Unum
460 3466 615 3531 addimus
641 3466 846 3548 exemplum.
889 3466 980 3550 Hyp.
1006 3468 1071 3531 254
1095 3465 1152 3553 (de
1176 3466 1310 3531 Christo
1334 3465 1515 3551 loquitur):

626 3608 777 3663 Altlssimi
798 3609 892 3676 patris
910 3607 1012 3663 relicta
1029 3608 1123 3676 gloria

464 3704 632 3772 Trabeaque
651 3706 780 3760 amiotus
799 3719 918 3767 carnea,
938 3705 1121 3760 lutulentam
1140 3706 1172 3759 in
1193 3704 1269 3759 hano

462 3801 593 3872 Vallem,
612 3815 785 3867 cavernam,
804 3802 1004 3870 ergastulum,
1024 3802 1080 3856 has
1098 3803 1131 3856 iu
1151 3801 1325 3864 lachrimas,

463 3899 611 3953 Tenebras
629 3898 874 3967 calamitatesque
893 3899 990 3953 multo
1010 3898 1153 3966 plurimas

462 3995 498 4049 Se
518 3995 663 4065 immisit,
681 3995 869 4063 involvitque
887 3998 918 4050 et
936 3996 1086 4050 immersit
1106 3995 1301 4064 penitissime.
