3270 5310
865 423 927 486 194

411 616 552 696 Culpam
575 615 611 679 in
636 615 816 696 Liturgum
838 614 1116 679 transferendam
1140 613 1282 678 callidus

414 732 642 813 Putaveram‚
667 748 790 796 verum
813 732 915 812 dene,
941 731 1017 812 pius
1041 730 1188 810 arbiter,

268 848 365 913 1240.
413 848 488 927 Quo
512 847 692 911 innoxium
716 850 851 928 servet,
877 846 1059 928 prehendit
1082 845 1235 912 nexium.

411 963 511 1028 Nune
536 963 671 1043 itaque,
697 962 964 1027 clementissime
988 965 1103 1042 pater,
1129 961 1286 1040 obsecre,

416 1078 464 1142 Ut
489 1078 617 1143 alteras
640 1078 702 1143 has
725 1078 860 1142 litteras
883 1078 958 1142 sine
982 1093 1116 1142 remora

414 1193 565 1275 Supplex
588 1209 665 1258 meo
689 1193 809 1258 tradas
832 1194 1018 1275 didascalo,
1043 1193 1123 1274 quia

417 1309 488 1373 Nisi
511 1309 565 1374 ille
589 1313 709 1374 servet
732 1309 773 1374 de
800 1326 875 1374 meo
898 1309 1011 1390 iugulo
1035 1311 1151 1375 actum
1175 1309 1249 1375 erit.

269 1426 364 1491 1245.
414 1425 508 1491 Vale.
557 1425 666 1506 Igitur
689 1425 878 1490 accelerato
905 1427 1025 1506 opust;
1049 1425 1234 1490 aditedum.

412 1540 495 1607 Can.
523 1541 807 1623 damneturque,
832 1544 872 1605 ut
897 1541 1027 1606 tradita
1049 1541 1112 1606 hac
1136 1541 1279 1621 epistola
1302 1541 1347 1605 ad

413 1657 638 1722 Clementiam
662 1657 800 1721 flectere
827 1673 993 1737 queamus
1017 1656 1194 1737 supplices.

743 1897 1042 1912 ..-.--.--.--Α

512 2101 648 2180 Actus
676 2102 865 2198 quintus.
943 2100 1109 2180 Scaena
1137 2104 1278 2180 sexta

475 2509 674 2574 Misenum.
724 2508 895 2573 Cinorus.
943 2507 1167 2573 Dmnsennns.
1215 2507 1320 2573 Punic.

419 2702 582 2780 Quisnam
606 2702 691 2766 deus
715 2701 809 2766 dabit
833 2701 923 2766 hunc
947 2700 1061 2765 virum
1084 2700 1166 2764 mihi
1190 2699 1390 2782 propitium,

419 2817 527 2897 Quem
551 2821 624 2882 tam
648 2818 800 2897 improbe
824 2817 994 2882 insectata
1017 2834 1095 2881 sum
1119 2815 1308 2881 conviciis?

319 2937 331 2947 ’
361 2985 367 3000 .
416 2935 499 3000 Can
526 2933 587 2998 Vir
612 2934 769 3015 obviust,
797 2937 836 2998 tu
859 2949 982 3015 prorue
1007 2935 1043 2997 et
1066 2932 1211 3014 supplex
1234 2948 1316 3012 rega

416 3049 553 3114 Crimen
578 3050 724 3130 remitti,
749 3049 837 3130 qued
864 3049 898 3114 in
922 3066 1002 3114 eum
1024 3049 1256 3114 commiseras.

418 3165 491 3231 Dm.
517 3165 656 3230 salvete
681 3182 752 3230 voe.
802 3164 887 3245 Quid
911 3164 1042 3229 tristior
1065 3164 1165 3229 solite
1189 3167 1289 3247 tuus,

419 3280 564 3361 Calene,
590 3281 708 3346 vultus
732 3281 812 3345 est?
861 3278 946 3359 Quid
970 3296 1057 3345 uxor
1080 3278 1296 3361 lachrymat‘?

420 3397 502 3460 Gan.
530 3396 680 3479 Supplex
704 3398 802 3477 regat
825 3396 888 3460 sibi
911 3395 1040 3461 remitti
1064 3395 1221 3476 crimina,

420 3510 512 3590 Quae
536 3512 570 3575 in
596 3514 631 3576 te
654 3513 843 3593 procaciter
867 3512 968 3576 nimis
992 3511 1174 3578 commisit.
1223 3510 1297 3576 Dm.
1322 3510 1407 3592 Hei,

419 3627 561 3710 Surget,
588 3628 684 3693 facile
708 3629 872 3693 remisere
896 3628 1002 3702 etiam
1026 3628 1143 3707 pluria.

419 3743 501 3809 Mus.
527 3744 591 3808 hlei
615 3746 777 3809 misereat
801 3748 854 3825 te,
879 3744 1043 3825 magister
1067 3743 1211 3823 optimc,

421 3858 512 3938 Quae
538 3860 654 3925 oculus
678 3875 773 3925 moos
797 3860 838 3923 ad
865 3862 899 3923 te
924 3860 1038 3924 levare
1062 3858 1201 3939 indigna
1224 3874 1318 3937 sum;

419 3974 499 4040 Sine
524 3978 559 4039 te
586 3978 704 4039 tamen
728 3974 847 4040 mulier
870 3993 928 4039 ero
951 3975 1189 4054 perditissima.

419 4090 492 4156 Did.
519 4090 628 4172 Adon,
652 4091 742 4156 bono
765 4091 813 4154 sis
835 4090 968 4171 animo,
992 4091 1092 4170 ades,
1116 4106 1217 4171 parce
1240 4088 1436 4170 lachrymis.

419 4204 505 4284 Quid
538 4206 669 4270 habes?
716 4206 799 4272 Can.
836 4207 942 4287 Lege,
967 4223 987 4271 o
1011 4208 1229 4287 praeceptor,
1252 4204 1354 4268 hasce
1378 4203 1525 4268 litteras.

420 4321 493 4386 Dm.
521 4321 738 4387 Graecasne?
785 4322 997 4387 Cuiusnam?
1045 4322 1129 4388 Can.
1154 4320 1238 4401 Mei,
1262 4320 1353 4385 heu.
1381 4373 1388 4385 .
1415 4369 1422 4382 .
1449 4318 1523 4382 Dm.

1147 4436 1233 4517 Quid
1257 4435 1481 4517 lachrymas?

421 4554 503 4619 Gan.
537 4553 651 4620 Gnati.
699 4554 773 4620 Dm.
799 4554 968 4619 Petrisci?
1017 4553 1101 4619 Gan.
1127 4552 1265 4619 Perditi.
1313 4550 1388 4616 Dm.
1413 4548 1527 4629 Hem3

1157 4669 1230 4749 lege
1253 4667 1359 4749 hane,
1384 4682 1482 4748 puer.
