3270 5310
802 424 866 488 160

209 618 284 682 340.
331 616 493 681 Praestat
516 616 660 681 tacendo
684 616 842 681 iniuriam
867 617 949 681 mihi
973 618 1090 697 fugere

332 731 440 811 Quam
464 732 572 797 multa
595 732 831 812 respondendo
854 732 1002 799 vincere.
1050 732 1200 814 Expedit

331 848 455 912 Redire
480 848 560 912 dum
584 847 698 913 lorarii
722 848 883 930 veniant,
907 849 987 928 quia

332 963 416 1028 Cum
439 963 546 1028 stulto
570 963 656 1027 inire
679 963 845 1043 praelium
868 963 1113 1030 stultissimum
1138 969 1202 1032 est.

331 1078 474 1159 Eamus,
500 1084 581 1143 ante
604 1078 722 1143 ludum
746 1079 845 1143 adest
869 1079 1081 1163 muliercula,

277 1248 283 1258 .
332 1193 424 1273 Quae
449 1210 502 1258 me
527 1193 661 1273 expetit
684 1198 910 1278 conventum,
936 1200 975 1260 ut
999 1200 1150 1262 autumo.
1187 1196 1277 1264 Drsc.
1307 1198 1463 1282 Refuge,

331 1308 441 1374 Mater
464 1308 609 1374 Petrisci
633 1326 674 1374 ea
696 1314 759 1376 est.
808 1311 882 1376 Dru.
908 1309 1006 1376 Nova
1030 1327 1071 1376 ea
1093 1313 1268 1378 contentio
1292 1318 1360 1381 est.

332 1424 402 1489 Vos
426 1425 577 1491 introite.

727 1665 763 1669 .-.
775 1659 980 1676 ...η-

411 1898 546 1975 Actus
584 1899 816 1977 secundus,
905 1895 1071 1976 Scaena
1108 1901 1250 1982 terna

469 2260 672 2326 Musuunnn.
721 2260 944 2328 Drnnscuuus
994 2261 1189 2330 Pannissus

644 2453 785 2519 Sordide
809 2454 1013 2536 plagoseque

328 2569 523 2651 Didascale,
547 2569 690 2650 utquid
715 2570 750 2634 in
774 2586 889 2635 meum
913 2571 1003 2635 hunc
1026 2571 1076 2636 sic
1100 2572 1206 2637 tilium

330 2684 519 2749 crudeliter
542 2689 720 2765 grassatus
744 2686 811 2750 es?
858 2686 934 2750 Non
959 2686 1009 2750 sic
1033 2686 1144 2769 ferae,

275 2854 281 2866 .
329 2801 422 2865 Trux
446 2800 618 2875 carnifex,
642 2816 710 2865 non
735 2801 785 2865 sic
808 2801 901 2866 ferae
925 2819 946 2866 a
969 2802 1139 2867 venaticis

328 2915 477 2981 Canibus
500 2915 612 2980 solent
635 2916 794 2996 lacerari,
819 2920 860 2982 ut
883 2916 938 2982 hic
962 2918 1168 2982 tenerrimus

328 3033 490 3098 Laniatus
514 3038 578 3097 est.
626 3032 700 3098 Dm.
726 3031 794 3097 Sile
818 3050 958 3115 parum,
983 3033 1189 3100 muliercula.

328 3148 412 3213 Mrs.
439 3148 543 3229 Egon'
569 3148 630 3211 tibi
654 3148 777 3225 silebo,
803 3150 939 3230 pestis?
963 3149 1059 3229 egon’
1086 3149 1145 3213 tibi

328 3264 465 3329 Silebo?
512 3263 582 3328 Vix
606 3281 661 3328 me
685 3264 844 3330 contineo
867 3264 950 3345 quin
974 3264 1009 3327 in
1034 3267 1113 3330 tuos

274 3433 279 3444 .
328 3378 483 3443 Manibus
508 3378 645 3458 capillos
668 3381 810 3446 evolem.
858 3380 932 3446 Dm.
959 3380 1042 3461 Quis
1066 3384 1101 3445 te
1125 3379 1235 3445 malus

329 3495 456 3560 Genius
480 3495 607 3575 agitat,
633 3495 854 3561 muliercula?
881 3514 926 3561 an
949 3497 1042 3562 nulla
1065 3497 1153 3562 ratio

327 3611 401 3676 Tibi
424 3611 554 3692 reliqua
577 3611 658 3675 est?
706 3610 778 3690 Quo
802 3611 869 3676 fine
892 3612 1032 3677 tandem
1057 3612 1163 3678 filiurn

327 3727 434 3792 Tuum
460 3725 493 3790 in
517 3726 605 3790 hanc
629 3726 779 3791 scholam
803 3726 886 3791 mibi
910 3727 1111 3792 tradidisti?
1135 3727 1289 3807 nunquid
1314 3731 1357 3792 ut

327 3843 412 3907 Post
434 3841 563 3907 scelera
585 3846 731 3922 postque
755 3842 886 3923 flagitia
910 3842 1153 3923 impunita-sit

272 4013 278 4024 .
326 3958 506 4039 Nequitia,
531 3957 732 4037 peniculove
756 3957 870 4037 vulpis
894 3957 1063 4038 vapulet?

327 4074 446 4139 Nonne
473 4073 601 4137 erudiri
624 4072 783 4138 volueras
807 4090 886 4138 cum
909 4073 1097 4138 adduceres

326 4190 370 4253 Et
393 4206 454 4269 pro
477 4188 663 4253 sceleribus
683 4189 831 4270 corrigi?
856 4190 1012 4255 Eruditio
1036 4190 1125 4254 hand

325 4304 392 4392 (Ut
419 4304 448 4367 is
472 4303 528 4368 vel
552 4303 684 4368 invitus
707 4303 852 4391 fatetur)
875 4304 1003 4387 desint,

326 4419 393 4485 Cur
418 4436 498 4500 ergo
523 4419 577 4484 vis
601 4419 674 4484 sola
697 4419 789 4484 absit
815 4420 892 4485 huic
916 4421 1108 4485 correctio?

203 4538 277 4601 365.
326 4535 440 4600 Pluris
462 4534 546 4598 facis
569 4534 725 4600 doctrina
748 4538 785 4599 et
808 4535 1004 4616 eloquentia
1169 4529 1171 4534 ⁸

326 4652 433 4732 Quam
460 4650 612 4715 moribus
635 4649 873 4731 pulcherrimis
896 4650 968 4716 fore
996 4650 1218 4730 praeditum?
