3270 5310
678 1316 886 1382 CAPUT
925 1317 949 1384 1.

518 1538 711 1617 Plautina
738 1536 801 1639 (et
829 1534 1116 1640 Terentiana).

234 2030 347 2097 Plauti
382 2034 418 2096 et
453 2031 601 2096 Terentii
632 2031 765 2097 fabulas
796 2036 875 2112 post
908 2032 1025 2097 literas
1056 2033 1195 2097 renatas
1226 2047 1296 2097 non
1326 2032 1445 2099 solum

190 2147 308 2213 sedulo
338 2147 483 2212 lectitari
514 2147 633 2212 solitas
663 2147 722 2211 sed
748 2148 852 2212 etiam
877 2147 993 2212 multis
1016 2147 1097 2213 locis
1120 2146 1320 2226 frequenter
1342 2151 1446 2214 actas

190 2266 227 2327 et
250 2263 380 2344 publice
403 2262 573 2328 exhibitas
598 2279 674 2328 esse
699 2263 856 2327 omnibus
881 2265 1001 2328 notum
1024 2266 1081 2328 est
1104 2261 1135 2340 ¹).
1170 2260 1385 2328 Praesertim
1407 2264 1445 2329 in

189 2378 313 2444 scholis
348 2396 369 2443 a
404 2378 579 2443 Fratribus
614 2378 812 2443 Communis
844 2379 945 2443 Vitae
977 2378 1121 2444 conditis
1152 2377 1270 2443 comici
1300 2380 1445 2445 veteres

190 2510 324 2559 summo
347 2494 475 2559 honore
499 2493 707 2575 colebantur,
732 2495 766 2558 in
790 2510 856 2574 quo
875 2497 1051 2559 auctorem
1067 2493 1240 2559 habebant
1254 2496 1445 2575 patronum

190 2626 291 2674 suum
326 2607 492 2673 Sanctum
526 2608 792 2691 Hieronymum,
828 2610 885 2688 qui
919 2625 957 2674 se
989 2608 1112 2674 Plauto
1147 2608 1246 2674 valde
1278 2608 1445 2675 delectari

190 2725 326 2805 saepius
349 2723 525 2804 professus
550 2728 604 2788 est
625 2722 662 2809 ²).
708 2724 829 2804 ltaque
853 2724 1087 2806 Macropedins
1110 2741 1244 2804 quoque
1267 2724 1303 2788 in
1323 2725 1445 2791 schola

191 2839 424 2905 Silvaducensi
447 2840 515 2904 iam
539 2857 624 2920 puer
646 2843 805 2904 veterum
829 2841 1033 2905 comicorum
1057 2840 1190 2905 fabulas
1213 2856 1383 2922 cognosse
1405 2844 1445 2907 et

189 2956 337 3020 fortasse
361 2956 395 3019 in
419 2955 459 3019 iis
484 2956 624 3036 agendis
647 2973 729 3021 suas
753 2956 913 3022 habuisse
937 2959 1055 3037 partes
1079 2955 1253 3038 putandus
1278 2959 1343 3026 est.
1389 2960 1444 3023 Ac

190 3070 370 3136 nonnullas
405 3071 540 3150 quidem
573 3072 783 3154 comoedias,
815 3071 977 3153 Captivos
1008 3072 1189 3154 imprimis,
1219 3074 1294 3137 tam
1324 3073 1384 3139 diu
1408 3073 1443 3137 in

191 3189 348 3252 manibus
386 3190 422 3251 et
461 3187 494 3250 in
529 3187 607 3252 sinu
641 3191 797 3266 gestasse
834 3187 970 3251 videtur
1006 3188 1112 3253 donec
1147 3204 1208 3252 eas
1242 3188 1444 3253 memoriter

190 3306 335 3368 teneret.
384 3301 519 3366 Minime
543 3306 661 3366 autern
684 3302 876 3366 mirandum
900 3306 955 3368 est
977 3303 1109 3368 illorum
1133 3306 1328 3384 temporum
1348 3304 1443 3369 viros

190 3421 309 3485 doctos
333 3419 389 3498 qui
412 3418 475 3499 ipsi
499 3417 632 3482 fabulas
655 3419 867 3499 scripserunt
889 3418 924 3482 in
940 3419 1092 3499 plurimis
1108 3424 1267 3484 veterum
1282 3419 1444 3502 exempla

189 3536 342 3599 imitatos
357 3550 444 3598 esse.
471 3532 647 3599 Materiam
664 3534 800 3612 quidem
816 3537 852 3598 et
868 3538 1072 3615 argumenta
1087 3550 1131 3598 ex
1149 3533 1253 3599 Sacra
1265 3533 1444 3616 Scriptura

230 3808 250 3871 ¹)
270 3804 308 3858 Et
327 3803 520 3859 Terentianae
539 3804 658 3873 quidem
679 3805 842 3871 agebantur
855 3819 972 3869 ornnes,
985 3820 1023 3860 ex
1037 3805 1184 3861 Plautinis
1197 3805 1330 3861 delectus
1343 3806 1443 3864 flebat.

189 3892 318 3947 Fabulae
337 3892 493 3948 Plautinae
512 3907 587 3961 quas
605 3893 674 3948 Joa.
693 3895 851 3948 Saparnos
871 3894 1036 3962 (ieet-89)
1055 3894 1172 3949 scholae
1186 3895 1345 3951 leodensis
1356 3896 1441 3952 disci·

191 3980 293 4049 palus,
320 3983 423 4048 postea
441 3981 558 4036 scholae
578 3983 808 4049 Argentinensis
828 3985 935 4050 rector,
955 3983 1109 4050 discipulis
1129 3983 1193 4038 suis
1210 3984 1341 4052 agendas
1359 3984 1443 4040 dedit

191 4072 263 4123 srrnt
289 4070 357 4123 hae:
387 4068 556 4135 Aulularia,
579 4071 778 4134 Menaechmi,
798 4070 1008 4137 Trinummus,
1026 4071 1157 4139 captivi,
1177 4071 1260 4126 Miles
1279 4071 1442 4140 gloriosus,

190 4157 383 4223 Arnpuitruo.

226 4247 249 4312 ²)
269 4245 317 4300 Ad
343 4245 528 4301 Eustochium
556 4248 591 4301 do
620 4248 801 4314 virginitate
827 4250 987 4305 serranda:
1007 4250 1042 4315 (Ι.
1061 4250 1117 4304 Ta.
1136 4250 1260 4305 Puanns
1278 4248 1311 4303 in
1331 4249 1442 4305 Disser-

191 4333 304 4388 tatione
331 4335 367 4389 de
397 4333 467 4390 Vita
492 4338 522 4390 et
541 4336 666 4402 Scriptis
686 4337 722 4391 M.
744 4338 823 4392 Accii
844 4338 941 4392 Plauti
962 4340 1033 4393 ante
1052 4339 1213 4393 editionem
1233 4339 1333 4404 suam)
1353 4338 1444 4408 „Post

79 4485 81 4489 7
190 4423 325 4478 noctium
344 4425 461 4480 crebras
480 4425 611 4494 vigilias,
629 4428 696 4491 post
709 4426 847 4482 lacrimas
861 4442 934 4495 qrras
948 4427 1023 4480 mihi
1038 4426 1265 4493 praeteritorum
1278 4426 1443 4481 recordatio

87 4536 91 4541 ·
191 4515 379 4578 peccatorum
407 4527 445 4566 ex
473 4512 544 4567 imis
569 4514 732 4568 visceribus
756 4516 892 4579 curabat,
918 4515 1042 4570 Plautus
1061 4514 1236 4569 sumebatur
1254 4514 1287 4568 in
1306 4517 1443 4570 manus”.

190 4601 232 4657 Cf.
250 4602 341 4655 etiarn
362 4615 389 4653 r.
410 4601 766 4668 Rernaaansroarrana,
786 4604 909 4659 Plautus
930 4617 976 4671 pg.
998 4606 1038 4658 14.
