3270 5310
784 405 848 468 199

334 597 441 662 Mitte.
479 598 548 663 er.
574 596 693 661 Habeo
717 597 873 678 gratiam.
911 597 994 662 Gan.
1021 596 1154 676 Optime
1176 614 1266 662 nunc
1283 598 1441 664 omnibus

335 714 543 795 Praeterque
567 729 664 793 spem
688 713 889 778 cedentibus
913 711 1081 794 reliquum
1105 712 1196 777 diem

191 832 286 897 1385.
334 831 374 895 In
398 830 513 910 requie
536 845 678 910 agamus
702 831 805 908 atque
830 829 975 893 honesto
999 828 1130 908 gaudio.

335 945 385 1010 Tu
408 944 539 1026 primus
563 944 656 1009 adsis
680 944 803 1009 author
826 944 927 1008 huius
951 943 1083 1026 gaudii,

335 1060 521 1126 Didascale.
569 1060 644 1126 Dm.
669 1060 793 1124 Adero.
843 1059 926 1125 Gar..
952 1060 1054 1124 Adsit
1077 1059 1156 1124 inde
1182 1059 1384 1138 Gnorimus3

335 1176 487 1242 Vocetur
510 1176 584 1242 huc.
626 1177 696 1241 Lm.
721 1175 836 1252 Heus,
863 1175 1043 1239 Gnorimei
1081 1174 1187 1241 Gros.
1213 1174 1322 1255 Hem,
1347 1177 1442 1239 recta

1256 1290 1397 1355 omnia?

335 1406 409 1472 Hoc
433 1407 600 1486 estquod
625 1410 705 1488 opto
728 1406 888 1471 maxime.
938 1405 1021 1472 Gan.
1047 1405 1213 1470 Foelicius

281 1576 288 1590 .
335 1523 416 1587 Mihi
440 1523 545 1588 cessit
567 1540 607 1587 ac
631 1539 861 1602 speraveram.
910 1522 982 1586 lam
1005 1525 1125 1586 nostro
1148 1521 1231 1587 ades

336 1638 512 1704 convivio.
560 1638 666 1704 Gnos.
692 1638 796 1704 Licet.
845 1638 928 1704 (lm.
954 1637 1052 1702 Praei
1077 1655 1173 1705 uxor.
1211 1637 1407 1719 Sequimini.

336 1754 443 1820 Vobis
467 1754 549 1818 nihil
572 1755 724 1834 profecto
748 1754 1001 1835 spectatoribus

336 1870 401 1934 Hic
425 1870 598 1948 coximus;
623 1873 829 1951 quapropter
853 1870 894 1934 iis
917 1886 1003 1951 quae
1028 1885 1091 1933 vos
1116 1867 1206 1934 domi

337 1985 492 2050 Parastis
514 1984 594 2049 hinc
618 1985 767 2049 recedite
791 1987 831 2049 ut
855 1984 1053 2050 vescamini.

746 2232 751 2236 -
776 2226 914 2240 -—.—--
924 2231 969 2235 „-

415 2464 549 2542 Actus
588 2465 776 2561 quintus.
852 2461 1018 2541 Scaena
1054 2463 1216 2542 ultima.

604 2853 773 2919 lienosos
796 2870 856 2933 per
880 2853 1032 2919 Gaaoau.

340 3047 537 3129 Spectator,
563 3050 640 3112 asta
664 3047 802 3127 paulum
826 3046 936 3111 adhuc
959 3045 1172 3127 spectaculO,

340 3163 389 3228 Ut
412 3164 532 3228 audias
555 3163 635 3244 quid
658 3164 692 3226 in
717 3166 813 3227 tuam
837 3179 910 3227 rem
934 3161 1122 3227 effabimur.

340 3278 457 3343 Discat
480 3278 584 3343 Pater
608 3282 687 3360 post
710 3279 797 3343 hanc
820 3278 921 3343 modo
946 3280 1058 3342 actam
1083 3276 1248 3355 fabulam,

340 3395 389 3458 Ut
411 3395 535 3459 liberos
559 3412 639 3460 suos
663 3395 804 3460 rebelles
827 3395 990 3475 corrigat;

340 3510 522 3590 Discatque
547 3515 724 3575 materne
748 3528 808 3591 per
832 3510 1077 3590 indulgentiam

341 3625 384 3689 Se
407 3625 605 3690 inhonestet
628 3628 663 3689 et
687 3628 882 3705 corrumpat
905 3626 1018 3706 ipsum
1043 3624 1158 3689 filium.

339 3740 411 3806 Vos
435 3757 586 3822 quoque,
611 3741 804 3806 scholastici
827 3757 964 3822 greges,
989 3740 1158 3805 intendite

339 3856 475 3921 Vestris
499 3860 535 3921 et
558 3856 751 3921 auscultate
775 3855 1071 3937 praeceptoribus3

340 3972 391 4037 Ne
415 3974 491 4052 post
516 3972 732 4037 rebellionem
756 3976 793 4037 et
815 3972 881 4036 alia
904 3971 1014 4052 pluria
1049 4034 1051 4038 Α

341 4087 482 4168 Flagitia
505 4087 645 4152 tandem
668 4087 825 4152 crucibus
848 4087 1086 4154 adnectamini.

198 4204 292 4269 1405.
340 4202 505 4267 Vestrum
529 4203 669 4284 proinde
692 4203 846 4284 quisquis
870 4202 1060 4267 oblectatus
1083 4204 1139 4266 est

341 4319 446 4384 Musis
470 4320 586 4384 faveto
609 4319 770 4400 gregique
793 4323 912 4384 nostro
936 4318 1095 4399 plaudite.

714 4538 927 4602 Finis,
