3270 5310
749 415 810 479 107

207 604 299 658 Alata
318 605 372 660 408
391 619 454 673 sqq.
492 604 535 659 Ut
554 619 586 660 se
606 620 675 660 suos
694 607 904 672 spurcissimae

493 702 588 758 Caena
608 703 730 771 lutoque
749 704 951 759 immersitant

495 801 542 854 Ita
561 801 724 855 inebriatae
743 800 869 855 feminae

495 896 618 952 Vomitu
637 899 727 965 atque
746 898 823 953 oleto
842 912 874 952 se
893 899 1059 966 inquinant.

215 1017 283 1072 Hac.
305 1018 374 1073 1209
392 1033 457 1087 sqq.
494 1021 588 1075 Morte
606 1021 707 1075 iustus
726 1022 751 1076 si
772 1024 931 1089 occupetur

494 1117 676 1186 Neutiquam
695 1119 879 1187 tristabitur,

494 1217 594 1271 Mente
613 1217 664 1271 sed
683 1216 758 1272 feret
777 1219 874 1285 ipsam
894 1217 998 1282 alacri,

496 1313 577 1380 Quod
596 1313 824 1382 refrigerabitur.

631 1645 839 1710 CAPUT
876 1645 937 1711 IX.

395 1840 458 1917 De
488 1841 706 1919 sermonis
735 1841 858 1938 copia
886 1843 930 1919 ei
958 1842 1173 1920 ubertate.

204 2046 298 2110 inter
320 2047 399 2110 boni
422 2049 544 2128 poetae
569 2048 685 2112 comici
710 2049 858 2114 virtutes
882 2050 997 2114 haberi
1021 2048 1108 2113 solet
1128 2049 1295 2115 sermonis
1312 2052 1408 2131 copia

159 2166 195 2226 et
226 2162 384 2243 ubertas,
417 2179 503 2242 quae
535 2167 572 2227 et
602 2164 676 2245 ipsa
707 2165 969 2229 delectationem
993 2165 1164 2243 quandam
1188 2166 1346 2246 praebet,
1371 2168 1408 2230 et

159 2276 289 2341 iocandi
313 2278 493 2342 materiem
516 2280 670 2361 suppetit
693 2283 729 2344 et
745 2298 807 2345 sua
824 2281 943 2360 cuique
960 2280 1097 2345 affectui
1113 2282 1219 2345 verba
1234 2284 1407 2363 praestat,

158 2394 361 2474 praesertim
399 2411 444 2459 ne
481 2393 554 2458 illos
589 2395 645 2474 qui
681 2397 901 2461 concitatiore
936 2397 1049 2461 animo
1085 2396 1268 2475 loquantur
1303 2398 1408 2461 verba

162 2509 321 2574 deficiant
353 2513 471 2590 cavet;
506 2527 572 2589 qua
602 2513 636 2577 in
668 2530 704 2577 re
736 2512 897 2577 Plautum
928 2513 1076 2577 maxime
1104 2512 1304 2578 excelluisse
1329 2517 1409 2578 eta

165 2626 340 2691 veteribus
363 2628 594 2707 grammaticis
617 2629 810 2693 audivimus
834 2632 870 2693 et
886 2629 1055 2693 cernimus
1071 2628 1144 2709 ipsi.
1171 2627 1406 2710 Macropedius

164 2744 299 2823 autom,
323 2759 531 2822 quamquam
555 2762 632 2808 curn
656 2744 778 2808 Plauto
802 2744 1028 2809 conferendus
1052 2761 1120 2809 non
1144 2747 1216 2825 est,
1237 2747 1355 2808 tamen
1371 2747 1408 2808 et

162 2858 234 2939 ipse
259 2874 382 2938 magna
407 2859 515 2923 utitur
540 2861 720 2925 verborum
744 2861 963 2926 abundantia.
1003 2861 1123 2939 ltaque
1140 2876 1242 2941 saepe
1260 2860 1405 2924 eandem

164 2991 237 3038 rem
268 2975 372 3039 variis
403 2976 512 3040 modis
544 2975 703 3056 exprimit
734 2980 771 3040 et
801 2993 996 3058 synonyma
1019 2976 1187 3054 cumulat;
1213 2992 1314 3056 saepe
1337 2977 1410 3056 ipse

164 3090 269 3153 etiam
303 3092 485 3170 verborum
521 3092 617 3172 copia
651 3095 687 3155 et
721 3093 836 3157 sonitu
867 3092 1027 3157 delectari
1051 3092 1196 3157 videtur.
1244 3091 1410 3157 Nonnun-

165 3223 268 3286 quam
303 3210 419 3270 tamen
455 3224 522 3271 non
557 3210 659 3288 poeta
694 3208 754 3271 sed
782 3208 1015 3287 ludimagister
1038 3225 1083 3271 er
1106 3224 1330 3288 personarum
1353 3223 1411 3270 ore

165 3322 330 3403 loquitur,
365 3340 443 3386 cum
478 3322 586 3387 multa
621 3328 801 3388 enumerat
838 3323 1001 3387 vocabula
1031 3340 1098 3387 non
1131 3325 1170 3386 ut
1196 3325 1410 3403 spectatores

166 3438 379 3503 delectentur
413 3439 473 3502 sed
510 3443 549 3503 ut
582 3440 782 3503 erudiantur
814 3440 909 3520 pueri
944 3439 1079 3503 scholae
1110 3438 1409 3520 Hieronymianae.

168 3553 221 3618 Sic
255 3555 368 3618 omnia
398 3571 485 3633 quae
509 3555 551 3618 ad
577 3571 716 3619 mensae
740 3557 943 3635 apparatum
967 3555 1140 3636 pertinent
1164 3557 1409 3619 enumerantur

168 3668 251 3734 Hec.
276 3671 358 3734 310:

417 3784 476 3840 Vos
495 3785 604 3853 fulcra,
624 3799 762 3850 mensas,
781 3799 911 3852 gausape
931 3787 961 3840 et
982 3785 1133 3854 mantilia,

417 3881 522 3951 Orbas,
541 3884 668 3951 quadras
688 3897 816 3951 vasaque
836 3885 937 3951 parate
958 3886 991 3937 nt
1010 3884 1167 3936 iusseram.

213 4006 331 4072 Vestis
355 4024 479 4089 genera
502 4007 583 4072 Hec.
610 4008 692 4071 446:

231 4123 355 4178 Niteant
374 4124 502 4191 parietes
522 4123 670 4192 byssina,
691 4123 912 4190 hyacinthina,
933 4121 1162 4189 holosericisque
1181 4121 1352 4189 Tapetibus.

214 4248 330 4314 Mundi
353 4247 524 4311 muliebris
547 4247 779 4311 instrumenta
803 4248 900 4311 Asot.
930 4246 1032 4309 1344:

720 4360 821 4430 Defer,
840 4360 952 4428 puella,
971 4360 1149 4429 crepidulas‚

275 4461 426 4529 Sandabal,
444 4460 591 4522 armillas,
612 4458 760 4526 calyptra,
779 4458 983 4518 chirothecas,
1003 4457 1144 4526 attulae,
1192 4481 1193 4485 ,

276 4557 422 4626 Flabella,
441 4570 616 4626 amomum,
635 4554 810 4622 galbanum,
830 4557 959 4624 stolam,
979 4555 1053 4609 thus
1071 4557 1101 4609 et
1121 4554 1269 4623 reliquum

277 4655 421 4712 Mundum
442 4654 597 4721 utriusque
618 4654 771 4720 nostrum,
790 4655 821 4706 et
840 4652 936 4706 almae
955 4652 1080 4706 Veneris
1102 4651 1309 4705 incitabulum.
