3270 5310
806 384 847 448 18

484 577 578 632 Duxit
595 591 635 631 ex
654 576 788 645 lymphis
807 576 954 645 volueres,
973 577 1004 631 et
1023 589 1112 631 omne

484 674 627 742 Quicquid
646 674 679 728 in
699 675 790 743 ponte
808 674 980 743 vegetatur,
1000 676 1031 729 et
1050 673 1128 742 quod

482 772 593 840 Reptst
611 771 666 825 sut
684 771 779 839 serpit
798 769 951 825 benedixit
971 772 1062 839 atque

384 869 445 925 325.
625 867 760 923 Oreseere
778 867 876 923 iussit.

479 1018 575 1074 Duxit
592 1032 609 1073 e
629 1019 709 1073 terre
731 1018 857 1086 pecudes
876 1017 1011 1087 fereeque

479 1114 597 1172 Bestias
616 1115 730 1171 multae
750 1116 906 1184 variaeque
925 1114 1045 1171 formae.

480 1213 575 1269 Iussit
593 1213 625 1268 et
643 1211 725 1267 foetu
743 1212 880 1267 deserere
898 1213 1010 1268 terrum

623 1307 828 1378 Multiplieeto.

481 1460 587 1516 Finxit
605 1473 622 1514 e
640 1459 713 1514 limo
732 1459 895 1515 rubicundo
915 1460 1082 1528 Ademum,

482 1555 654 1613 Praeditum
673 1558 776 1611 mente
794 1557 826 1611 et
845 1557 960 1612 ratione
978 1556 1104 1625 fultum,

479 1653 541 1722 Quo
565 1653 617 1709 Dei
637 1652 750 1709 formae
769 1653 878 1709 similis
897 1655 1047 1722 praeesset

605 1751 752 1806 Omnibus
771 1766 858 1806 unus

480 1901 600 1957 Gratias
618 1915 687 1969 ergo
706 1901 831 1956 meritas
849 1915 974 1969 egemus

481 1998 624 2054 Omnium
645 1997 773 2068 plestse,
792 1999 843 2067 qui
863 1999 897 2053 ut
915 2002 1048 2068 emetur,
1067 1997 1146 2053 ultro

481 2095 606 2163 Propter
624 2094 750 2150 humani
769 2094 888 2163 generis
906 2092 1035 2149 salutem

622 2192 736 2248 Ouncte
755 2192 875 2247 creavit.

91 2375 133 2433 ni*
230 2344 361 2400 Adami
381 2342 520 2400 chorus
539 2344 703 2412 quartus
721 2342 788 2411 (Ad.
809 2341 970 2408 1741-02).

479 2465 569 2522 Velut
587 2467 624 2521 sd
643 2465 737 2521 fontis
755 2478 861 2521 cervus
879 2463 991 2532 gelidas

480 2565 590 2619 Lassus
608 2563 774 2632 sitiensque
792 2562 906 2630 aspiret
924 2575 1032 2630 squas,

479 2661 527 2717 Sic
546 2661 576 2715 te
595 2660 674 2716 Deus
692 2661 782 2729 atque
801 2658 990 2716 salutiferum

479 2758 553 2814 Sitit
570 2758 735 2813 adventum
756 2771 842 2811 mens
861 2757 964 2811 nostra
983 2758 1081 2812 tuum.

365 2905 443 2959 1745.
482 2906 519 2961 In
538 2905 653 2961 semine
672 2907 776 2960 nostre
794 2918 865 2959 vere
882 2904 965 2958 selus

479 3002 542 3058 Abs
560 3003 591 3057 te
610 3003 696 3057 nobis
714 3003 746 3057 in
766 3003 910 3071 principio

479 3100 581 3155 Mundi
601 3100 768 3169 nsseentis,
787 3101 818 3156 et
836 3100 906 3156 inde
925 3100 1063 3156 Abrsbee

477 3197 549 3252 Post
568 3194 674 3252 Devidi
694 3198 842 3265 promisse
859 3197 926 3254 fuit.

476 3337 567 3393 Nobis
585 3338 693 3407 igitur,
712 3338 797 3406 peter
816 3338 1022 3408 omnipotens,

362 3435 440 3490 1700.
477 3434 606 3490 Ostende
625 3436 714 3490 tuum
735 3435 867 3503 patrium
885 3433 1040 3504 effectum,

478 3532 672 3600 (iustumque
691 3531 881 3588 salutiferum
901 3532 1019 3587 miseris

478 3630 610 3685 Tandem
630 3629 821 3697 (rogitemus)
840 3630 875 3685 ut
892 3628 1044 3685 exhibeas.

141 3802 144 3816 ‹
227 3769 382 3826 Hecesti
402 3770 541 3827 chorus
561 3770 706 3826 tertius
726 3768 807 3839 (Hes.
828 3771 988 3834 1040-55).

362 3894 439 3948 1040.
479 3893 645 3950 Defluentis
662 3895 760 3950 instsr
779 3894 876 3950 undae

477 3990 617 4047 Universi
638 3990 824 4047 cumdolore

477 4088 624 4143 Proeresti
644 4091 676 4143 et
694 4089 810 4144 edueati

478 4185 571 4240 Morte
590 4187 627 4241 ed
645 4186 708 4241 ima
727 4185 863 4242 labimur.

476 4324 553 4393 Ergo
572 4326 642 4393 quid
663 4326 740 4380 vires
759 4339 867 4394 opesve

362 4421 440 4477 1045.
478 4423 552 4490 Quid
572 4422 726 4493 voluptas,
747 4425 855 4492 quidve
875 4424 1002 4479 honores

475 4520 643 4576 Proderunt
661 4520 824 4591 postrata,
843 4522 960 4591 quando
980 4522 1028 4577 his

475 4617 620 4673 Omnibus
640 4619 846 4688 privabimur?
