3270 5310
304 591 432 656 Odores
455 592 520 658 loe.
547 593 627 656 394:

504 735 576 789 Volo
598 737 702 791 deiude
721 737 815 792 cubile
835 740 974 793 nostrum
992 739 1142 807 aspergier

506 832 654 903 verbena,
674 835 842 905 abrotauio,
861 850 997 890 amaraco
1016 839 1106 905 atque
1127 837 1260 904 pluribus

504 931 613 986 Herbis
632 947 723 987 suave
742 933 905 1002 olentibus,
926 932 1051 988 Veneris
1070 948 1168 989 sacrae

503 1027 580 1082 Olim
599 1029 713 1084 dicatas
729 1030 750 1096 ¹)
768 1030 896 1085 ludicris,

291 1150 423 1219 (Vulgat.
443 1152 579 1207 Proverb.
600 1153 632 1217 7,
653 1152 686 1207 17
705 1154 840 1222 sequitur
859 1155 891 1208 11
910 1155 972 1210 his:
986 1155 1042 1209 los.
1057 1155 1112 1210 652
1125 1156 1224 1211 311611
1238 1156 1332 1211 cubile
1345 1157 1376 1210 et
1391 1156 1507 1210 mirrha

253 1250 285 1302 61
303 1248 366 1303 6166
385 1250 416 1304 61
434 1251 594 1317 cinnamo).

344 1371 413 1428 Hec.
432 1373 486 1428 448
524 1375 597 1429 Loca
616 1375 734 1443 singula
752 1375 890 1445 Styrace,
909 1376 998 1431 thure
1017 1379 1048 1432 et
1066 1376 1192 1445 galbano
1212 1376 1313 1432 suffita
1333 1377 1405 1431 sint.

301 1523 399 1588 Asot.
426 1525 491 1587 495
516 1540 644 1602 coquus
668 1525 780 1589 laetus
804 1527 990 1592 exclamat:

363 1691 446 1745 Intro
466 1705 586 1759 sequor,
605 1706 713 1762 coquo,
732 1692 807 1761 lixo,
827 1694 937 1757 161166,
956 1695 1075 1764 condio,
1094 1707 1204 1761 apparo
1223 1694 1389 1760 splendidei

304 1839 393 1905 Cibis
417 1841 656 1905 enumerandis
680 1845 716 1906 61
740 1859 845 1907 66616
869 1843 1089 1908 describenda
1112 1844 1303 1909 delectatur
1325 1844 1368 1909 M.

451 2008 532 2062 Bass.
552 2009 604 2063 363
768 2009 880 2076 dapum
899 2024 953 2077 ego
973 2010 1093 2077 quidem
1145 2033 1148 2038 ¹

346 2104 518 2172 Novemque
537 2104 676 2159 ficedulas
695 2120 767 2160 veru
785 2106 893 2161 affixos
912 2121 1055 2174 coquam,

344 2201 482 2270 Duosque
503 2202 598 2270 pullos
617 2203 781 2270 primulum
800 2204 916 2258 elixabo
935 2219 1025 2272 aqua,

343 2300 417 2355 Dein
436 2314 533 2365 croco,
554 2302 666 2370 pipere,
686 2302 855 2356 cinamomo
874 2303 905 2356 et
925 2316 1040 2357 saccaro

345 2397 491 2452 Bacchum
512 2399 655 2453 imbuam.
675 2400 765 2454 Η1111.
785 2399 883 2454 Recte.
903 2398 957 2455 Gn.
978 2399 1015 2454 Et
1035 2401 1067 2454 in
1085 2414 1119 2454 eo
1138 2400 1276 2456 excoctos
1296 2413 1401 2468 parurn

342 2494 405 2549 'libi
425 2495 593 2550 iuruleutos
611 2495 742 2551 offeram.

291 2619 384 2673 Andr.
404 2619 463 2673 163.
644 2619 723 2674 11661
743 2633 894 2689 auserem,
914 2620 1101 2687 lepusculum

503 2714 671 2770 Parcimina
690 2718 720 2770 61
740 2731 846 2785 pernas
866 2719 961 2784 parari
982 2717 1102 2772 lautius

298 2839 382 2893 Asot.
403 2839 463 2894 436.
501 2839 598 2894 Eiuro
613 2840 814 2907 Passerculoe,
828 2840 981 2904 ficedulas,
994 2843 1114 2905 ansteo,
1128 2841 1313 2909 lepusculum
1323 2843 1355 2896 61
1364 2855 1501 2896 anserem

503 2937 622 2992 Dudum
642 2937 754 2992 attulit.

300 3086 502 3168 Synonyma
525 3087 742 3151 cumulantur
766 3088 830 3152 Ad.
857 3088 939 3151 345:

466 3253 575 3308 Semen
594 3254 674 3308 aliud
693 3257 848 3322 sanctum,
869 3256 965 3324 pium,
985 3256 1117 3325 iustum,
1136 3256 1286 3310 innocens.

289 3403 345 3457 Ad.
365 3402 442 3458 1130.
480 3403 540 3458 Sibi
569 3417 656 3457 66166
684 3404 794 3472 caedit,
824 3404 967 3471 flagellat,
997 3404 1128 3460 lancinat
1154 3404 1221 3459 1351
1241 3418 1316 3472 quae
1335 3405 1410 3459 mihi
1429 3405 1500 3459 Gon·

254 3500 366 3563 flenda,
400 3500 531 3554 texenda
563 3501 803 3568 exstruendaque
838 3501 954 3556 Elohim
988 3502 1178 3556 monstravit.
1216 3501 1274 3557 Ios.
1301 3500 1356 3556 916
1383 3501 1500 3569 Quanto

254 3596 349 3664 magis
369 3597 480 3666 666111,
499 3597 586 3667 furit,
606 3597 708 3652 1616611
728 3597 807 3652 haec.

297 3745 404 3810 Multa
438 3746 503 3811 alia
538 3747 694 3828 exempla
731 3746 851 3812 afferre
887 3764 1070 3828 possumus
1105 3748 1161 3812 ubi
1197 3764 1321 3828 magna
1352 3749 1499 3812 vocabu-

252 3861 360 3926 lorum
396 3863 491 3944 copia
526 3880 593 3927 non
626 3863 667 3927 de
698 3864 866 3928 industria
897 3865 1087 3928 enumerari
1115 3864 1174 3928 scd
1200 3865 1238 3927 ut
1262 3880 1306 3928 ex
1330 3863 1500 3927 uberrimo

253 3978 346 4042 fonte
371 3995 435 4042 616
458 3983 580 4059 sponte
604 3978 731 4043 effundi
755 3979 900 4045 videtur.
930 3979 1025 4043 'Lan
1055 3980 1118 4043 130
1137 3995 1209 4058 sqq.
1227 3979 1349 4044 domus
1366 3983 1402 4044 61
1418 3995 1500 4060 opes

253 4092 398 4158 hominis
429 4093 627 4174 praedivitis
659 4094 914 4175 describuntur;
947 4094 1126 4158 audiamus
1148 4094 1251 4175 igitur
1274 4094 1498 4174 Laemargum

252 4212 292 4272 ut
324 4208 450 4272 divitiis
481 4209 592 4274 affluit
622 4210 672 4273 116
702 4211 817 4274 verbis
841 4226 974 4290 quoque
998 4210 1248 4275 luxuriantem:
1274 4209 1331 4295 (ad
1356 4227 1499 4275 uxorem

253 4322 432 4411 loquitur):

254 4532 460 4541 -——

291 4649 311 4714 ¹)
331 4647 378 4703 Sic
397 4649 429 4703 in
449 4650 576 4715 utraque
595 4650 724 4704 editione
746 4649 894 4705 scribitur.
