3270 5310
852 439 916 504 166

381 631 498 696 Veluti
521 630 695 713 spopondi.
743 630 778 696 Si
801 634 900 712 pater
923 630 979 695 vel
1003 631 1031 695 si
1055 630 1216 713 Liturgus
1238 632 1356 697 veniat

380 748 430 812 Pu
454 747 587 812 traditis
610 747 663 810 his
686 746 840 811 clavibus
864 764 918 812 me
943 763 1096 828 accerse,
1122 747 1221 812 modo
1245 747 1431 827 requirant.

381 863 481 929 Para.
507 862 669 942 Facess03
694 879 815 927 verum
838 862 882 927 ad
905 862 1024 927 ludum
1048 865 1088 927 ut
1110 879 1232 928 exeam
1255 865 1375 928 statim

1099 995 1239 1044 necesse
1262 982 1326 1046 est.

258 1096 332 1159 leo.
380 1094 462 1160 Mra.
488 1095 554 1160 Ubi
578 1095 697 1159 feceris
721 1111 808 1174 quae
832 1094 990 1159 iusserim
1014 1094 1200 1172 demisere,
1225 1110 1429 1175 quocunque

381 1210 534 1276 Libuerit
556 1210 639 1292 ibis,
662 1211 803 1274 interim
827 1209 1017 1274 claudenda
1040 1210 1207 1292 claudite,
1231 1215 1335 1292 atque

382 1325 486 1405 Siqua
509 1325 691 1406 aperienda
714 1326 816 1407 aperi.
864 1325 956 1391 Cave
980 1342 1023 1390 ne
1047 1327 1126 1406 quid
1150 1327 1435 1411 domesticarum,

381 1439 426 1504 Mi
450 1443 571 1521 gnate,
588 1457 703 1506 rerum
719 1457 857 1520 pessum
875 1443 942 1507 eat.
976 1440 1077 1508 Para.
1095 1440 1299 1524 Matercula,
1315 1441 1349 1506 id
1366 1445 1512 1509 cavebo.

381 1556 496 1621 Euaxl
522 1555 601 1619 Mihi
625 1557 738 1621 omnia
762 1556 905 1620 credidit
930 1561 1041 1621 mater
1064 1574 1141 1622 moa
1163 1557 1217 1621 his
1241 1558 1374 1623 collatis

259 1671 333 1736 500.
381 1669 460 1735 Mihi
484 1670 645 1738 clavibus.
683 1672 755 1736 Iam
770 1672 879 1754 intra,
896 1672 1064 1754 Petrisoe,
1081 1673 1123 1738 ad
1140 1674 1308 1754 quaslibet
1325 1679 1514 1755 parentum

383 1785 488 1866 Opes!
526 1787 674 1853 Reclude
699 1789 818 1852 matris
842 1788 957 1853 abdita
980 1789 1119 1866 scrinia,
1144 1793 1184 1854 ut
1209 1791 1383 1871 pigmenta
1407 1795 1445 1854 et

383 1902 483 1982 Piper
507 1904 654 1983 eximas3
679 1903 773 1984 aperi
797 1905 905 1984 patris
927 1905 1146 1987 thesaumm,
1170 1908 1210 1970 ut
1232 1905 1310 1970 inde
1330 1908 1465 1986 argenti

385 2016 558 2098 Quantum
582 2020 667 2085 citra
690 2011 808 2084 notam
834 2020 962 2085 audeas
986 2020 1097 2087 tollas.
1145 2021 1212 2086 Adi
1235 2038 1395 2102 securus,

384 2133 472 2198 Nam
497 2135 590 2199 solus
613 2153 650 2200 es
673 2135 745 2200 sine
769 2136 924 2217 arbitris,
949 2135 1145 2216 foribusque
1169 2137 1343 2217 pessulum
1368 2137 1458 2201 obde

264 2250 338 2314 505.
386 2249 573 2330 Nequando
597 2250 739 2316 callidus
762 2251 923 2332 Liturgus
945 2251 1116 2334 opprimat
1139 2255 1174 2317 te
1197 2252 1383 2319 incautum.

808 2806 972 2878 Chorus.

752 3026 856 3092 Versu
878 3027 1027 3093 diametro.

622 3246 823 3326 Quanquam
847 3246 940 3325 probi
965 3245 1108 3310 infestos
1131 3247 1193 3310 sibi

578 3361 719 3443 Semper
743 3361 898 3425 tulerunt
921 3361 1110 3442 improboer,

576 3477 703 3541 Tamen
727 3477 868 3541 fuerunt
891 3480 972 3541 ante
996 3494 1058 3541 nos

578 3576 739 3658 Feliciora
763 3596 926 3672 tempora.

622 3785 694 3849 Iam
720 3786 808 3850 ridet
831 3786 965 3850 auditor
989 3803 1089 3850 suum

577 3900 810 3982 Didascalum‚
835 3918 918 3980 puer
942 3918 1077 3982 senem,

577 4016 742 4081 Sanctum
765 4018 977 4098 prophanus,
1002 4017 1125 4097 impius

579 4132 693 4209 Pium,
719 4135 896 4213 parentem
921 4132 1019 4199 lilius.

623 4327 768 4407 iuratio,
793 4326 929 4391 devotio

580 4441 817 4522 Obscoenitas,
842 4441 997 4519 lascivia,

580 4556 740 4638 Furtum,
766 4557 881 4636 dolus,
905 4557 1094 4637 procacitas

580 4672 709 4737 Pueros
732 4690 810 4737 oum
833 4673 972 4751 ephebis
994 4674 1172 4751 occupant.
