3270 5310
831 367 894 430 120

235 577 337 641 saepe
362 559 581 624 deminutivis
604 558 826 639 appellentur.
875 557 966 623 Sunt
989 562 1107 624 autem
1130 560 1231 625 haec:

283 676 298 738 1
317 674 521 739 Mulierculo.
547 673 621 738 Hoc
634 673 838 739 vocabulum
851 691 930 738 curu
942 675 1047 739 variis
1059 675 1238 741 adiectivis
1250 677 1487 758 coniungitur:

269 842 341 898 Rea.
367 842 420 897 220
444 839 632 897 stultissimae
658 839 847 895 mulierculae
874 841 957 897 Bess.
980 842 1033 896 117
1057 841 1181 898 Sordide
1199 843 1372 899 muliercula
1392 844 1486 899 Andr.

234 940 285 994 641
305 939 413 994 domus
432 951 498 993 mea
518 939 601 1006 patet
615 937 715 1008 probis
735 937 926 993 mulierculis„
954 938 1063 994 Contra
1082 940 1163 994 Base.
1185 941 1243 996 186.
1264 941 1309 995 En
1326 941 1488 1011 improbam

237 1035 451 1091 mulierculam.

279 1186 455 1252 Matronae
486 1188 652 1250 honestae
682 1188 718 1250 et
741 1185 829 1249 satis
854 1185 1052 1266 opulentae,
1077 1185 1316 1266 discipulorum
1341 1190 1485 1267 matres,

234 1320 256 1367 a
278 1302 413 1367 scholae
438 1305 568 1367 rectore
592 1302 641 1366 sic
666 1301 898 1381 appellantur;

448 1468 517 1524 Reb.
538 1469 590 1523 422
609 1470 639 1523 te
658 1468 778 1523 contine
799 1467 984 1534 Muliercula,
1003 1482 1040 1522 ne
1060 1469 1130 1536 quid
1150 1469 1271 1524 temere.

281 1621 335 1686 Sic
359 1620 465 1686 etiam
488 1574 638 1699 Pompus
662 1618 804 1683 nuntius
828 1619 893 1681 732

374 1787 453 1854 Ques
472 1787 519 1842 hic
537 1787 611 1842 duas
632 1785 822 1840 mulierculas
843 1799 931 1853 prope
951 1785 1054 1840 intuor
1076 1784 1323 1840 confabulantes?

279 1938 405 2004 Postea
439 1941 557 2003 tamen
592 1954 651 2002 eas
683 1937 856 2017 alloquens
884 1941 1056 2002 matronas
1079 1936 1231 2001 11111111
1254 1937 1402 2018 appellat
1425 1936 1484 2024 (ci.

235 2054 327 2121 Petr.
360 2055 441 2130 344,
476 2054 566 2132 352).
603 2052 693 2118 Petr.
724 2053 789 2117 493
815 2052 885 2116 Filii
910 2053 1006 2133 pravi
1030 2052 1072 2116 de
1096 2053 1263 2117 matribus
1286 2053 1483 2132 loquentes:

513 2221 676 2276 Mercatum
694 2220 791 2275 abisse
811 2234 866 2274 nos
885 2221 994 2288 putent
1012 2220 1201 2274 mulierculae.

281 2373 490 2452 Laomargus
514 2374 593 2452 post
616 2370 817 2450 colloquium
841 2371 930 2450 quod
955 2388 1034 2434 oum
1058 2387 1165 2434 uxore
1189 2370 1324 2436 habuit:

440 2540 505 2593 Lau.
527 2538 577 2593 166
596 2538 669 2604 Quid
691 2551 751 2591 non
770 2536 839 2592 huic
861 2537 1053 2604 persuadeam
1072 2538 1274 2592 mulierculae?

279 2690 411 2754 Pharao
435 2705 556 2754 severe
580 2687 623 2751 ad
647 2687 840 2768 Potipharis
864 2704 1024 2751 uxorem:
1050 2687 1114 2752 los.
1144 2688 1239 2753 1918.

428 2856 492 2910 Etsi
512 2855 631 2924 quidam
652 2856 737 2909 tuam
757 2869 808 2923 per
831 2855 1065 2924 impudentiam,
1085 2854 1239 2910 libidinem

428 2955 471 3009 Ac
490 2953 682 3008 virulentiam
703 2954 799 3021 magis
822 2955 1000 3020 peccaveris,
1021 2953 1189 3008 muliercule
1207 2954 1261 3009 cet.

279 3104 371 3169 Satis
394 3103 538 3185 benigne
562 3103 856 3169 nomodidascalus
880 3104 1054 3184 Epicuriae
1079 3103 1275 3169 salutationi
1298 3104 1483 3185 respondet

233 3220 316 3286 Hec.
342 3217 417 3287 389.

426 3362 476 3416 111.
496 3361 582 3416 Salve
602 3362 647 3415 vir
666 3360 787 3429 inclyte.
808 3362 884 3416 Nou.
904 3360 992 3416 Salva
1012 3362 1068 3425 sis,
1086 3360 1266 3415 ruuliereuloi

277 3511 326 3576 De
353 3512 588 3576 meretricibus
611 3511 704 3575 leno:

444 3652 515 3707 Rea.
535 3652 595 3707 137.
706 3652 871 3706 Discrucior
891 3652 938 3705 hei
960 3652 1051 3706 miser
1071 3651 1151 3720 leno,

445 3750 517 3805 Tam
538 3750 681 3816 quaestus
702 3749 748 3803 lric
769 3749 1001 3804 muliercularum
1020 3749 1148 3816 exiguus
1167 3751 1222 3803 est.

276 3873 399 3938 Rarius
423 3873 597 3937 invenitur
621 3874 640 3935 2
666 3872 822 3938 Puellulo.

331 4015 415 4069 Asot.
436 4015 513 4069 1110.
551 4014 625 4068 Cum
644 4014 786 4069 suavibus
807 4013 945 4082 puellulis
963 4016 995 4068 ot
1013 4013 1149 4068 dulcibus

552 4112 631 4166 Sunt
651 4111 763 4178 poculis
783 4112 940 4166 tractanda
957 4111 1072 4179 gaudia.

328 4227 413 4281 Asci.
434 4226 510 4280 1334.
550 4226 684 4294 Cornptis
704 4226 842 4294 puellulis
863 4227 938 4281 meis
959 4240 1030 4280 mox
1050 4227 1220 4294 subsequar.

275 4351 295 4415 3
334 4349 503 4416 Uuoreulo
537 4350 712 4415 invenitur
747 4349 838 4415 Petr.
876 4351 942 4414 649
976 4350 1032 4414 ubi
1069 4348 1220 4413 Galenus
1254 4351 1334 4429 post
1364 4348 1481 4429 plagas

231 4482 317 4547 quas
341 4466 383 4530 ab
406 4482 513 4532 uxore
538 4467 669 4546 accepit
692 4466 872 4530 lacrimans
896 4466 992 4530 dicit:

570 4607 644 4662 Cum
664 4621 730 4662 mea
749 4607 888 4662 1111111111
906 4608 1044 4675 iurgatus
1062 4621 1144 4661 exeo.
