3270 5310
748 396 791 460 35

145 591 295 672 quadam
318 607 363 656 ex
386 606 505 655 scurra
528 593 564 654 et
588 589 739 671 parasito
764 593 847 653 sunt
863 590 998 654 natura.
1023 587 1068 651 Hi
1084 598 1204 653 omnes
1220 587 1399 654 Plautinos

146 705 334 789 parasitos,
357 705 522 787 imprimis
546 704 754 787 Ergasilum,
778 721 823 768 ex
848 704 1001 784 Captivis
1025 704 1182 769 omnibus
1206 707 1344 787 notum,
1365 706 1398 769 in

146 821 316 887 nonnullis
339 822 445 887 etiam
470 820 688 886 Gnathonem
713 819 955 884 Terentianum
979 819 1136 899 exempla
1160 819 1297 884 habent.
1332 819 1407 884 Sed

147 937 398 1020 Macropedius,
442 954 519 1002 cum
559 940 718 1001 veterum
754 935 981 1017 parasitorum
1018 934 1179 999 naturam
1213 939 1250 1000 et
1286 952 1399 1000 mores

147 1056 283 1134 servet,
310 1053 345 1117 in
369 1069 526 1117 sermone
550 1054 668 1117 tamen
693 1067 910 1130 nequaquam
936 1053 1048 1114 totum
1072 1067 1109 1114 se
1133 1050 1176 1115 ad
1200 1049 1313 1115 Plauti
1338 1053 1401 1115 aut

148 1168 297 1234 Terentii
319 1168 544 1233 imitationem
569 1166 760 1248 componit,
778 1167 837 1231 sed
855 1166 1054 1248 plerumque
1070 1170 1205 1230 mutare
1222 1165 1399 1245 nonnulla,

148 1285 213 1350 alia
235 1285 278 1349 de
301 1300 364 1349 suo
387 1283 527 1361 addere,
551 1281 741 1347 locutiones
766 1281 925 1347 adhibere
945 1278 1121 1345 veteribus
1138 1281 1284 1363 ignotas,
1301 1282 1401 1346 novis

148 1399 367 1481 imaginibus,
392 1398 720 1479 comparationibus,
745 1397 955 1478 metaphoris
975 1397 1025 1461 uti
1042 1396 1139 1462 solet.
1187 1397 1303 1461 Liceat
1321 1397 1400 1461 milri

148 1516 211 1581 hoc
242 1514 412 1581 nonnullis
443 1513 525 1579 locis
556 1513 745 1594 illustrare,
779 1513 812 1577 in
845 1529 912 1592 quo
943 1512 972 1577 si
1003 1513 1104 1593 paulo
1131 1512 1238 1577 fusior·
1260 1512 1401 1578 videbor

148 1647 252 1696 causa
286 1629 492 1712 prolixitatis
527 1629 593 1694 erit
623 1630 707 1694 haec
739 1628 826 1709 quod
855 1628 890 1693 in
914 1628 1085 1709 Petrisco‚
1110 1646 1213 1709 quam
1236 1629 1314 1693 huic
1337 1629 1400 1694 dis·

148 1745 328 1812 sartationi
351 1744 481 1826 addidi,
505 1744 646 1826 parasiti
669 1761 817 1826 persona
840 1761 908 1808 non
932 1740 1115 1810 invenitur.

194 1862 232 1925 ln
264 1861 417 1942 Captivis
448 1859 515 1948 (vs.
547 1859 630 1948 901)
652 1859 828 1941 Ergasilus
852 1861 1041 1941 parasitus,
1067 1863 1249 1940 postquam
1273 1861 1399 1925 bonum

149 1978 191 2042 de
222 1976 279 2041 lilii
310 1976 422 2041 reditu
453 1976 613 2040 nuntium
645 1975 790 2056 Hegioni
818 1977 891 2040 seni
917 1977 1049 2055 attulit,
1074 1977 1225 2042 omnium
1249 1977 1399 2041 ciborum

148 2092 328 2174 imperium
352 2094 477 2156 nactus
499 2091 612 2157 laetus
635 2091 823 2156 exclamat:

310 2231 374 2288 Illic
394 2232 463 2287 hinc
482 2231 571 2301 abiit,
591 2233 665 2286 mihi
685 2246 749 2287 rem
770 2247 922 2287 summam
943 2232 1066 2288 credidit
1084 2233 1233 2288 cibariam.

195 2354 294 2420 Nunc
328 2355 507 2421 videamus
543 2355 711 2435 quomodo
744 2356 828 2420 haec
858 2372 879 2419 a
906 2356 1118 2437 Macropedio
1141 2357 1399 2438 amplificentur.

150 2472 249 2537 Asot.
275 2471 356 2537 263:

382 2602 457 2658 Rem
476 2603 600 2658 credidit
620 2603 695 2658 mihi
715 2605 827 2673 totam,
849 2606 881 2658 st
899 2605 1100 2672 argentariam

383 2701 534 2770 Primum,
553 2701 584 2755 et
603 2700 759 2770 cibariam,
779 2701 831 2754 scd
849 2702 881 2756 ct
900 2702 1048 2756 vinariam

383 2796 529 2852 Oleariam
548 2798 639 2865 atque
657 2798 853 2852 obsonariam.
894 2799 1020 2865 Insuper

382 2894 477 2962 Super
494 2896 596 2949 omnia
615 2895 691 2949 bona
710 2910 765 2949 sua
785 2909 833 2950 me
854 2896 945 2951 herus
964 2896 1123 2952 constituit
1141 2899 1172 2952 ot

383 2992 478 3062 Super
495 2992 682 3048 famulicium
702 3008 800 3048 suurn.
817 2997 838 3060 ¹)

195 3116 298 3198 Apud
322 3115 484 3181 Plautum
509 3117 680 3197 Ergasilus
706 3119 754 3182 sic
779 3120 906 3199 pergit,
931 3118 1026 3200 (lapi.
1052 3120 1135 3184 902:

276 3256 311 3312 Di
330 3257 533 3328 immortales,
552 3259 612 3314 iam
634 3260 668 3314 ut
688 3274 742 3327 ego
762 3258 852 3314 collos
872 3261 1085 3327 praetruncabo
1103 3261 1268 3329 tegoribus!

281 3353 399 3421 Quanta
417 3357 518 3424 pernis
537 3358 631 3425 pestis
650 3357 766 3425 veniet,
786 3358 899 3425 quanta
918 3356 998 3412 labes
1016 3358 1123 3428 larido,

277 3450 395 3518 Quanta
414 3453 527 3507 sumini
545 3453 720 3523 absumodo,
743 3456 856 3522 quanta
874 3454 948 3509 callo
967 3454 1135 3510 calamitas!

196 3576 288 3642 Audi
313 3593 404 3641 nunc
428 3575 653 3658 Creoborum,
679 3577 777 3644 Base.
802 3578 885 3644 933:

330 3717 441 3774 Odiva
461 3719 622 3788 saturitas,
642 3718 706 3773 lues
727 3720 840 3788 quanta
859 3720 1051 3787 petasonibns
1070 3720 1225 3789 imminet,

330 3815 353 3871 Ο
373 3817 486 3884 quanta
506 3817 619 3885 pernis,
638 3818 767 3885 sumini,
788 3816 952 3881 farcimini,
971 3818 1134 3873 tomaculol

191 4018 213 4082 ¹)
241 4016 370 4073 Oleariua
388 4017 483 4073 subet
502 4019 625 4073 tuntum
645 4019 722 4085 apud
743 4019 784 4073 Pl.
805 4019 974 4090 invenitur,
993 4019 1065 4074 cella
1079 4019 1195 4074 maaria
1207 4020 1330 4090 legitur,
1343 4035 1403 4075 non

150 4119 197 4160 rea
220 4104 335 4161 vinario
359 4106 425 4174 (ioci
450 4120 539 4161 cansa
564 4107 596 4161 iu
621 4105 702 4161 Bass.
730 4107 816 4161 Macr.
842 4108 932 4163 habet
957 4108 1116 4177 symbolam
1134 4108 1278 4162 viatorium
1296 4110 1350 4165 689
1369 4114 1403 4165 ut

153 4191 325 4262 symbolum
350 4194 501 4249 vinarium
526 4210 565 4249 ex
589 4210 636 4250 me
657 4197 839 4264 torqueant).
870 4196 1056 4252 obsonariom
1075 4198 1161 4251 Macr.
1180 4198 1216 4252 ad
1235 4197 1401 4264 analogiam

153 4283 217 4351 ipso
234 4282 325 4356 cudit.
354 4282 457 4337 Cetera
475 4296 515 4337 ex
534 4283 641 4338 Divina
661 4285 814 4352 Scriptura
833 4287 955 4352 sumpta
974 4288 1060 4355 sunt,
1080 4286 1188 4341 Matth.
1201 4287 1250 4355 24,
1263 4287 1312 4341 25:
1332 4287 1403 4354 Quis

154 4372 244 4438 putas
260 4371 309 4425 ost
326 4369 422 4425 fidelis
441 4385 546 4427 servus
564 4375 596 4427 ot
616 4374 760 4442 prudens,
780 4388 869 4442 quom
889 4375 1047 4429 constituit
1065 4375 1206 4430 dominus
1225 4390 1298 4430 suus
1315 4390 1402 4442 super·

152 4457 300 4514 familiam
324 4472 427 4529 suam,
452 4462 488 4515 ut
508 4461 559 4516 det
584 4460 643 4516 illis
663 4461 763 4516 cibum
781 4463 814 4517 in
833 4465 977 4530 tempore.
1013 4462 1111 4519 Huius
1130 4464 1184 4519 loci
1205 4466 1291 4520 itaer.
1310 4466 1401 4521 otiam

154 4562 270 4604 memor
288 4548 347 4604 fuit
359 4550 445 4604 Asot.
458 4549 511 4605 389
525 4549 610 4605 nobis
622 4550 724 4605 cibum
738 4551 909 4620 Subtrahit,
923 4552 1013 4606 horus
1026 4567 1115 4621 quem
1128 4554 1257 4608 iusserat
1270 4556 1404 4621 tempore

153 4637 236 4692 stato
254 4637 340 4692 nobis
358 4637 430 4694 dari.
