3270 5310
785 379 848 445 153

314 575 422 657 Atqui
447 575 603 641 omnibus
627 591 724 638 1119119
749 591 858 654 neque
883 574 1003 639 eadem
1026 592 1136 656 neque
1161 578 1266 654 ratio,

315 691 492 773 Nimisque
515 694 634 755 amant
657 707 738 755 suos
762 694 923 770 parentes
946 690 1078 757 liberos

192 810 265 875 145.
314 808 398 875 Gur.
425 807 479 872 Ita
502 809 567 872 est.
614 806 741 871 Parum
764 806 885 871 secede
909 823 1044 872 mecum
1067 808 1148 887 hac,
1173 809 1329 887 obsecro;

313 923 376 988 Est
399 939 535 1004 nanque
559 922 648 1003 quod
672 923 837 987 secretius
862 921 925 986 tibi
948 923 982 987 in
1006 923 1118 988 sinum

315 1038 479 1104 Fundam.
527 1037 602 1105 Dm.
626 1036 750 1101 Libens
773 1037 921 1118 facesso,
947 1039 1011 1102 duc
1034 1056 1089 1103 me
1113 1039 1280 1119 quolibet;

313 1154 439 1219 Paucis
463 1156 580 1219 tamen
604 1151 710 1240 (quod
733 1153 776 1218 ad
800 1153 867 1218 alia
890 1153 1066 1240 festinem)
1090 1155 1190 1219 modo

313 1269 537 1349 Loquendum
561 1269 636 1334 erit.
684 1268 773 1333 Sunt
796 1285 932 1349 nanque
956 1270 1014 1350 qui
1038 1286 1261 1351 praepropere
1285 1287 1322 1335 se

259 1437 266 1451 .
314 1385 456 1450 Ferulae
480 1401 577 1449 meae
601 1384 847 1465 subduxerint,
871 1384 937 1448 nisi
959 1388 1059 1450 caute
1083 1400 1142 1449 cos

313 1501 393 1567 Mox
416 1503 656 1580 antevertere,
681 1499 968 1580 quemadmodum
990 1501 1179 1565 accinctum
1203 1499 1310 1566 vides,

315 1616 398 1682 Gur..
424 1615 548 1696 Video,
572 1616 633 1679 sed
657 1615 737 1679 audi
760 1632 814 1679 me
839 1616 948 1679 tribus
972 1617 1072 1681 modo
1096 1617 1254 1681 verbulis.

314 1732 386 1798 Dm.
400 1731 522 1797 Audio.
548 1730 631 1795 Gur..
645 1729 821 1795 Petriscus
834 1729 868 1793 in
880 1729 995 1794 schola
1008 1732 1081 1794 est?
1105 1730 1178 1796 Dm.
1191 1731 1254 1796 Est
1265 1732 1300 1795 in
1313 1731 1436 1796 schola.

315 1848 398 1913 Gur..
423 1847 503 1912 Ideo
527 1847 666 1911 obsecro
690 1850 725 1910 te
749 1862 851 1926 quam
875 1845 1044 1925 potissum
1069 1849 1219 1913 maxime
1242 1853 1282 1912 ut

260 2017 266 2028 .
314 1964 369 2029 Ad
392 1962 568 2044 sanguinis
592 1961 792 2027 effusionem
816 1979 923 2043 usque
946 1962 1059 2043 flagris

314 2078 484 2144 caedatur
507 2078 708 2159 acrioribus,
733 2078 931 2158 priusquam
956 2095 1024 2144 eas.

313 2194 364 2260 Ne
387 2195 417 2259 si
440 2194 520 2274 quid
543 2194 679 2258 interim
703 2192 759 2281 (ut
782 2199 838 2258 est
861 2193 984 2280 sagax)
1007 2195 1038 2257 ei
1061 2212 1122 2275 per
1145 2195 1207 2259 hos

315 2310 546 2392 Suboleverit,
570 2310 756 2375 meditetur
778 2314 840 2374 aut
863 2310 995 2392 rugam,
1021 2314 1082 2375 aut
1104 2327 1202 2375 suam

313 2426 459 2491 Matrem
481 2427 646 2491 subornet
669 2426 879 2507 lachrymula
902 2429 943 2491 ut
966 2443 1003 2490 se
1027 2426 1155 2491 liberet.

260 2597 267 2608 .
316 2542 389 2608 Dm.
415 2543 464 2606 At
488 2542 576 2607 unde
600 2542 840 2623 castigavere?
864 2559 944 2606 nam
968 2542 1108 2607 caedere

313 2658 432 2723 Palam
456 2659 612 2723 omnibus
635 2676 740 2724 causa
763 2660 894 2724 latente
917 2659 1007 2724 haud
1031 2659 1194 2738 congruit.

316 2773 400 2839 Gan.
425 2773 519 2851 Heu,
545 2792 649 2839 causa
672 2775 749 2840 talis
773 2779 845 2858 est,
870 2778 969 2840 utet
993 2775 1133 2839 tandem
1156 2775 1236 2838 mihi

313 2890 401 2955 Mala
424 2891 665 2970 pertimescam
689 2894 726 2955 et
749 2891 824 2957 filio.
872 2890 1015 2956 Praeter
1039 2891 1132 2955 dolos

314 3005 612 3088 Mendaciumque,
637 3024 722 3087 quae
747 3009 783 3071 et
807 3008 879 3086 ipse
902 3008 1020 3072 crebro
1044 3010 1209 3087 expertus
1232 3023 1288 3082 es,

259 3173 266 3187 .
314 3121 523 3203 Praeterque
547 3122 639 3187 furta
663 3123 754 3188 casei
777 3126 881 3204 atque
905 3122 1038 3205 butyri,

314 3236 523 3319 Praeterque
546 3237 638 3303 fruta
661 3240 814 3304 carnium
838 3243 941 3319 atque
965 3239 1124 3319 piscium,

314 3354 426 3418 Etiam
451 3355 594 3424 subinde
618 3355 759 3419 sustulit
782 3355 970 3434 pecuniam.
1017 3354 1090 3419 Dm.
1116 3353 1201 3418 Hui!

314 3468 399 3534 Gru.
426 3468 638 3551 Quapropter
662 3471 802 3535 obsecro
826 3474 919 3534 tuam
946 3470 1180 3550 prudentiam,

314 3584 364 3650 Ut
386 3587 575 3666 corrigatur
599 3603 721 3667 ocyus,
747 3586 828 3650 dum
853 3586 934 3651 foris
957 3603 1015 3650 ero

260 3755 266 3767 .
313 3701 514 3782 Mecumque
538 3707 745 3767 coenaturus
768 3703 861 3767 adsis
884 3703 1028 3783 vesperi.

315 3817 389 3883 Dm.
413 3817 607 3883 Referenda
630 3819 740 3899 gratia
764 3821 836 3899 est,
860 3819 1036 3899 libensque
1061 3818 1150 3898 quod
1174 3833 1274 3897 rogas

314 3932 414 3997 Prius
438 3949 599 4012 exequar.
647 3933 731 3999 Gan.
758 3933 853 4014 Quod
878 3937 981 4013 atque
1006 3934 1132 3998 dictum
1158 3932 1325 4013 oportuit,

313 4047 450 4113 Venare
475 4066 624 4129 quonam
647 4049 834 4114 transtulit.
882 4049 956 4115 Dm.
982 4049 1200 4113 Rimabimur.

315 4162 489 4243 Quantum
513 4165 689 4245 negocium
713 4165 912 4245 parentibus
936 4165 1006 4229 suis

260 4333 266 4345 .
314 4279 507 4360 Plerunque
530 4281 623 4345 liberi
647 4281 823 4360 ingerunt!
872 4280 952 4345 Drsc
987 4280 1184 4344 Didascalus

314 4395 426 4462 Redit.
474 4396 647 4462 Petriscus
670 4397 799 4477 absque
823 4396 1057 4460 controversia

314 4511 514 4576 Caedeudus
538 4516 610 4592 est;
635 4529 702 4576 non
727 4512 854 4592 absque
879 4528 983 4576 causa
1007 4512 1097 4576 enim
1121 4513 1219 4590 pater

315 4626 543 4692 Severitatem
567 4627 782 4708 praeferebat
805 4629 960 4707 pectoris.
