3270 5310
748 396 770 458 9

169 584 383 652 Epistolica
430 585 583 653 Georgii
628 585 857 655 Macropedii
902 587 1094 642 studiosis
1138 588 1381 644 Traiectiuae

132 682 286 738 scholae
308 681 533 751 tyrunculis
555 685 791 751 nuncupata,
811 698 903 752 quae
922 684 1181 741 nihilominus
1201 686 1381 754 quicquid

131 781 174 835 ad
200 780 429 835 Rhetorices
450 779 641 836 elementa
660 781 810 836 attinet
828 781 1011 836 brevibus
1030 784 1250 851 praeceptis
1269 783 1381 853 plane

132 876 412 944 complectitur.

168 974 422 1045 Antrerpiae,
441 975 537 1044 apud
556 976 737 1030 Ioannem
757 975 971 1032 Hiilenium
991 977 1029 1032 in
1049 977 1158 1046 Rapo.

619 1075 709 1127 Anno
728 1072 894 1129 MDXLIII.

169 1194 214 1249 Ex
233 1194 416 1263 praefatione
434 1195 471 1249 ad
489 1194 608 1251 scholae
626 1195 810 1251 Traiectinae
828 1197 994 1251 studiosam
1013 1198 1214 1254 iuventutem.

169 1292 271 1362 ,Inter
291 1291 375 1346 varia
393 1292 511 1348 scholae
529 1294 650 1348 nostrae
669 1294 811 1348 exercitia
832 1292 948 1349 nullum
968 1295 1015 1348 est
1035 1309 1101 1349 meo
1120 1295 1228 1350 iudicio
1246 1295 1282 1349 ad
1303 1297 1380 1363 quod

133 1390 230 1457 magis
257 1404 318 1445 non
345 1391 409 1444 tam
438 1390 589 1445 excitandi
618 1404 707 1458 quam
733 1390 826 1444 etiam
851 1390 883 1444 iu
909 1404 972 1445 rem
992 1391 1124 1446 vestram
1149 1392 1271 1460 urgendi
1291 1393 1380 1456 estis,

133 1501 223 1554 quarn
257 1487 294 1542 ad
327 1486 470 1555 epistolas
502 1486 604 1542 sedulo
636 1487 805 1542 scribendas
832 1489 863 1542 et
890 1488 971 1543 iusto
999 1487 1124 1543 artificio
1152 1490 1380 1556 componendas.

131 1584 305 1639 Laudentur
328 1585 370 1648 (et
389 1584 508 1652 quidem
529 1599 589 1639 non
608 1585 773 1649 immerito)
794 1586 844 1653 qui
863 1586 900 1640 ad
920 1599 1051 1653 unguem
1070 1585 1282 1654 grammatices
1302 1599 1380 1653 prae-

132 1682 215 1750 cepta
234 1680 351 1751 callere,
371 1682 421 1750 qui
441 1681 555 1737 multas
573 1682 721 1737 Ciceronis
739 1684 770 1737 et
783 1682 909 1738 aliorum
924 1683 1047 1751 paginas
1062 1682 1234 1737 memoriter
1246 1682 1379 1747 recitare,

132 1779 181 1847 qui
207 1779 376 1834 carminum
400 1779 518 1833 diversa
539 1792 647 1845 genera
667 1793 727 1834 non
747 1778 844 1833 solum
864 1779 1001 1848 recitare,
1022 1779 1184 1834 sedetiam
1204 1793 1380 1848 componere

131 1877 288 1941 nituntur,
308 1877 416 1944 quibus
434 1879 538 1931 tamen
557 1876 697 1932 omnibus
710 1877 907 1945 quantumvis
920 1875 1063 1931 studiosis
1076 1875 1163 1944 longe
1175 1890 1226 1930 eos
1240 1875 1379 1943 praefero,

132 1973 183 2040 qui
211 1973 286 2029 totis
312 1973 424 2041 ingenii
454 1973 500 2027 sui
528 1974 631 2028 nervis
648 1972 792 2042 epistolae
810 1974 935 2028 student
953 1973 1028 2028 citra
1047 1972 1226 2038 barbariem,
1245 1973 1330 2028 docte
1348 1974 1380 2027 et

130 2069 284 2138 eleganter
301 2071 531 2138 componendae.
569 2070 632 2125 Hoc
651 2071 730 2125 enim
751 2071 895 2126 exercitio
914 2070 1025 2125 rectius
1044 2070 1218 2138 pervenitur
1236 2070 1273 2124 ad
1286 2070 1377 2124 studii

131 2167 276 2222 bonarum
311 2167 480 2223 litterarum
512 2181 636 2237 scopon,
666 2168 721 2222 hoc
749 2169 796 2222 est
824 2168 860 2222 ad
889 2168 1002 2223 rectam
1030 2167 1145 2222 dicendi
1174 2167 1205 2221 et
1232 2166 1378 2221 scribendi

131 2265 294 2334 rationem,
319 2265 384 2320 sine
410 2279 468 2332 qua
490 2266 642 2320 nemiuem
663 2264 898 2334 (quantumlibet
915 2265 951 2319 de
969 2264 1094 2319 caeteris
1112 2263 1268 2331 glorietur)
1285 2264 1378 2318 erudi-

130 2364 197 2417 tum
215 2363 345 2418 iudicare
363 2363 520 2419 solemus.”

167 2460 285 2515 Titulus
297 2461 486 2515 demonstrat
498 2460 716 2528 Macropodium
729 2459 784 2514 hoc
797 2458 938 2527 opusculo
952 2472 1013 2512 non
1022 2457 1119 2512 solum
1130 2459 1226 2512 artem
1236 2456 1378 2523 epistolae

130 2557 275 2613 scribendi
305 2558 355 2613 sed
382 2559 474 2612 etiam
500 2557 662 2612 rhetorices
688 2557 843 2624 praecepta
867 2555 984 2610 tradere
1008 2556 1040 2609 et
1061 2554 1209 2621 exemplis
1227 2553 1378 2609 illustrare

130 2654 186 2709 sibi
214 2656 411 2723 proposuisse.
449 2655 522 2710 Inde
550 2653 586 2708 iit
613 2654 648 2709 ut
669 2653 813 2723 epistolae
832 2653 996 2707 secundum
1016 2651 1074 2706 tria
1093 2665 1251 2706 causamm
1269 2664 1379 2718 genera

131 2751 424 2816 Demonstratirum,
459 2751 705 2819 Deliberativum‚
740 2749 880 2805 iudiciale
913 2749 1087 2803 dividantur
1103 2748 1133 2814 ¹).
1176 2747 1379 2803 Inveniuntur

129 2848 272 2914 epistolae
297 2848 492 2918 laudatorias,
517 2847 801 2916 commendatoriae,
825 2846 990 2910 suasoriae,
1008 2845 1220 2914 dissuasoriae,
1240 2844 1377 2899 exhorta·

130 2946 236 3010 toriae,
261 2946 432 3016 petitorias,
457 2945 684 3008 consolatoriae,
707 2945 762 2999 cet.
800 2943 1002 3011 Epistolarum
1021 2941 1158 3010 exempla
1178 2941 1294 2996 libellus
1312 2955 1377 2995 con·

130 3042 208 3096 tinet
233 3043 282 3108 29,
301 3057 340 3098 ex
359 3044 466 3112 quibus
486 3042 644 3106 nonnulla,
664 3056 739 3110 quae
757 3043 927 3110 temporum
947 3039 1122 3107 Macropedii
1141 3038 1328 3092 condiciones
1346 3038 1378 3091 et

130 3138 288 3195 hominum
316 3155 415 3195 mores
439 3141 621 3209 depingunt,
644 3140 766 3208 cognitu
792 3153 852 3193 non
877 3138 1000 3206 indigua
1019 3137 1100 3190 sunt.
1138 3136 1242 3190 Unum
1261 3148 1300 3189 ex
1320 3149 1377 3202 quo

130 3237 273 3304 quaedam
306 3238 512 3306 cognoscimus
541 3253 616 3305 quae
642 3238 678 3291 ad
707 3237 803 3291 vitam
832 3237 864 3291 et
892 3247 989 3289 mores
1017 3232 1231 3300 discipulorum
1259 3230 1377 3286 scholae

129 3332 382 3402 Hieronymianae
402 3335 555 3403 pertinent
574 3335 643 3389 huic
661 3333 803 3401 opusculo
821 3333 911 3387 adieci
927 3333 959 3398 ²).

175 3483 428 3565 Marcropedius
451 3488 568 3549 autem
592 3488 632 3550 ut
655 3485 751 3549 multi
776 3484 839 3548 viri
864 3481 987 3563 egregii
1007 3481 1064 3560 qui
1087 3480 1150 3544 illis
1167 3478 1377 3559 temporibus

130 3598 304 3664 doctrinae
337 3603 373 3664 et
404 3601 580 3665 literarum
611 3599 710 3664 laude
742 3599 932 3664 floruerunt
960 3614 1028 3662 non
1056 3596 1156 3660 modo
1180 3595 1232 3659 vir
1255 3593 1376 3658 doctus

129 3714 194 3778 suit
217 3716 274 3780 sed
300 3715 405 3780 etiam
429 3719 548 3797 pocta,
572 3733 635 3780 nec
655 3716 763 3796 magis
780 3717 919 3796 propter
934 3712 1159 3778 eruditionem
1176 3713 1212 3775 et
1227 3710 1375 3791 pruden-

130 3830 214 3894 tiam
249 3831 338 3912 apud
374 3848 493 3896 omnes
527 3831 593 3896 fuit
627 3831 866 3896 celeberrimus
897 3845 1000 3908 quam
1030 3828 1071 3893 ob
1100 3826 1182 3890 felix
1205 3826 1375 3907 poeticum

129 3946 311 4027 ingenium.
359 3947 501 4029 Scripsit
535 3948 738 4029 praesertim
760 3946 911 4023 fabulas,
935 3961 1080 4024 quarum
1104 3944 1291 4023 supersunt
1318 3941 1375 4019 12;

168 4195 191 4259 ¹)
209 4192 250 4249 Cf.
269 4194 360 4248 etiam
382 4194 550 4260 Eaasuuu,
569 4194 610 4249 De
629 4193 775 4249 conscrib.
795 4192 950 4260 Epistolis,
964 4204 1026 4257 cap.
1040 4190 1083 4245 32.
1097 4189 1263 4244 Rhetorum
1279 4187 1376 4254 pleris-

128 4294 186 4348 que
219 4282 278 4336 tria
311 4297 468 4338 causarum
502 4296 610 4350 genera
642 4283 831 4350 placuerunt,
859 4280 1042 4348 suasorium,
1071 4277 1316 4333 eucorrriasticum
1345 4276 1376 4329 et

126 4369 272 4426 iudiciale.
310 4372 357 4426 Ad
376 4371 447 4426 hacc
463 4372 608 4439 tanquam
623 4372 721 4426 fontes
737 4371 890 4438 pleraeque
903 4369 1058 4423 literarum
1071 4367 1184 4421 formae
1196 4364 1376 4419 referuntur.

165 4463 188 4522 ²)
206 4459 361 4530 Alterum,
379 4459 608 4528 descriptionem
628 4460 709 4513 urbis
726 4459 823 4513 leodii
837 4459 1009 4521 continens,
1023 4456 1115 4510 edidit
1128 4455 1174 4508 vir
1185 4454 1262 4509 doct.
1277 4454 1377 4508 Auru.

129 4548 285 4618 Rorsscrr,
306 4548 407 4603 addita
424 4548 535 4604 Gallica
554 4549 809 4614 interpretatione.
846 4545 990 4611 (Annales
1009 4546 1044 4599 do
1064 4544 1090 4598 la
1110 4542 1224 4598 Societe
1245 4540 1376 4607 liegoise

127 4637 163 4691 de
183 4637 320 4705 Bibliogr.
339 4639 361 4692 t.
382 4638 404 4692 I.
423 4637 493 4693 fasc.
513 4638 544 4706 2,
564 4638 651 4705 liege
671 4637 760 4704 1892).
