3270 5310
755 393 796 457 57

610 610 666 679 11.
703 608 946 680 imitationes·

197 777 323 843 Restat
353 780 393 842 ut
423 794 532 859 pauca
555 778 698 843 dicenda
721 779 904 845 videantur
927 780 969 844 de
992 779 1161 845 nonnullis
1185 778 1357 844 vocabulis
1381 796 1400 842 a

153 893 366 974 Macropedio
397 892 556 958 Plautino
587 911 682 960 more
710 894 876 962 formatis.
924 896 976 961 Ac
1002 912 1106 960 voces
1129 895 1402 963 interminabilia.

153 1009 348 1091 οὸεωιανὰι,
372 1010 480 1074 vimen
502 1026 563 1090 pro
588 1010 715 1088 ulmea,
734 1011 914 1076 tricerbero
927 1012 996 1076 iam
1013 1014 1117 1076 antea
1133 1011 1291 1075 laudatae
1308 1014 1399 1076 suut.

151 1124 308 1190 Bibeaiua
341 1124 460 1189 fictum
495 1129 550 1190 est
584 1128 624 1190 ut
660 1127 811 1191 amasius
846 1127 906 1193 As.
944 1127 1010 1192 286
1044 1127 1159 1191 bibesii
1197 1126 1400 1207 voluptuarii

151 1241 258 1306 Andr.
283 1241 350 1305 508
373 1239 440 1306 Ubi
463 1241 562 1306 modo
587 1259 685 1307 meus
707 1242 881 1308 bibesius?
917 1242 1065 1327 (Bibesia
1086 1244 1232 1324 regionis
1247 1243 1400 1324 poeticae

152 1372 277 1421 nomen
301 1355 411 1422 Plaut.
437 1374 525 1422 cure.
552 1357 641 1442 444).

197 1471 247 1536 Ut
269 1471 414 1536 Plautus
437 1471 547 1536 multa
570 1471 735 1537 vocabula
758 1473 862 1537 habet
884 1473 918 1536 in
942 1511 986 1521 -
1009 1474 1096 1554 trix,
1120 1472 1282 1538 italiacr.
1301 1473 1401 1536 linxit

152 1588 323 1669 expedirem
357 1591 394 1653 et
427 1589 632 1654 conatuum
662 1589 695 1652 in
728 1588 780 1653 his
804 1589 978 1671 versibus,
1003 1591 1060 1669 qui
1083 1589 1278 1654 Plautinum
1301 1588 1400 1669 plane

154 1720 277 1769 sonum
300 1704 475 1784 praebent.

309 1845 403 1900 Andr.
421 1845 483 1901 465.
808 1846 882 1914 Quid
902 1847 956 1902 tibi
976 1847 1090 1902 malum
1110 1849 1223 1902 curatio
1242 1849 1289 1901 est

518 1944 630 1999 Rerum
650 1958 800 2005 mearum,
821 1945 950 2011 pessima
969 1944 1123 2012 expultrix
1144 1945 1221 1999 tiri?

328 2040 398 2096 Heu.
420 2041 479 2097 156.
516 2041 560 2096 Ut
578 2043 609 2096 te
630 2041 765 2110 Iuppiter
784 2041 863 2097 mala
881 2042 1068 2097 sciscitatrix¹
1084 2043 1215 2110 perduat.

186 2164 230 2219 Ut
249 2163 344 2220 Plaut.
382 2164 461 2219 Trin.
481 2165 533 2220 148
551 2165 576 2219 si
596 2168 688 2219 taceae
709 2165 824 2234 loquor,
843 2165 886 2220 ita
906 2165 1029 2232 Macrop.

187 2262 272 2317 Asot.
291 2261 351 2316 227.
393 2261 464 2316 Ταπι
483 2261 580 2316 audies
598 2277 659 2316 cum
679 2262 799 2317 silueris.

629 2540 838 2606 CAPUT
877 2541 919 2606 11.

236 2736 454 2815 vocabula
480 2736 626 2834 prisca
652 2737 722 2815 vel
748 2737 937 2838 rariora,
965 2756 989 2815 e
1016 2736 1314 2835 grammaticis

576 2868 784 2967 pleraque
813 2869 963 2967 petita

195 3074 407 3157 Quamquam
446 3077 556 3141 multa
589 3077 755 3142 vocabula
789 3078 899 3158 prisca
935 3078 987 3142 vel
1024 3079 1152 3142 rariora
1186 3095 1273 3157 quae
1309 3078 1397 3159 apud

153 3191 404 3274 Macropedium
447 3193 575 3273 scripta
617 3193 773 3257 videmus
812 3193 916 3257 etiam
954 3193 1043 3275 apud
1080 3197 1218 3258 veteres
1253 3193 1399 3258 comicos

150 3307 392 3390 inveniuntur,
426 3325 493 3373 non
531 3309 644 3374 omnia
679 3314 798 3373 tamen
829 3308 952 3388 quibus
982 3308 1091 3374 utitur
1122 3313 1239 3373 noster
1270 3326 1314 3373 ex
1345 3308 1399 3374 illo

150 3422 246 3489 fonte
268 3424 394 3489 hausta
416 3428 509 3490 sunt.
557 3424 646 3489 Nam
670 3428 853 3506 postquam
875 3425 982 3490 literis
1006 3426 1135 3490 renatis
1159 3425 1399 3506 grammatices

149 3540 321 3604 manualia
342 3540 479 3606 horrida
502 3543 539 3605 et
561 3540 723 3622 barbara,
748 3558 835 3621 quae
859 3557 920 3622 per
943 3542 1052 3606 multa
1073 3540 1210 3605 saecula
1226 3541 1260 3604 in
1276 3540 1399 3604 scholis

149 3656 349 3722 monasticis
382 3656 467 3721 trita
501 3659 617 3731 eraut,
654 3657 779 3722 abolita
814 3658 850 3720 et
885 3673 903 3720 e
935 3657 1059 3722 scholis
1090 3657 1199 3720 eiecta
1230 3660 1330 3734 sunt,
1355 3655 1396 3718 ad

149 3774 287 3837 veteres
306 3773 548 3853 grammaticos
563 3789 601 3837 se
618 3773 837 3838 coutulerunt
854 3773 916 3836 viri
933 3773 1040 3852 docti,
1060 3771 1220 3851 Gellium,
1239 3771 1397 3849 Festum,

151 3887 317 3970 Nonium,
363 3888 592 3971 Priscianum,
639 3889 729 3954 unde
773 3906 892 3954 veram
934 3889 1130 3953 Latinitatis
1172 3887 1397 3968 cognitionem

150 4007 317 4086 peterent.
354 4003 486 4070 Horum
509 4005 611 4070 libros
634 4005 752 4070 sedulo
776 4005 934 4070 evolvere
958 4008 994 4069 et
1018 4022 1200 4086 excerpere
1225 4004 1397 4075 solebant.

151 4120 257 4186 verba
271 4120 400 4187 rariora
416 4121 505 4203 apud
523 4137 583 4186 eos
598 4122 742 4186 inventa
758 4121 935 4201 diligenter
951 4120 1118 4185 notabant
1135 4123 1171 4185 et
1183 4121 1397 4200 ediscebant,

149 4252 237 4317 quae
268 4236 389 4302 deinde
420 4236 455 4301 in
486 4237 558 4302 suis
590 4238 748 4318 operibus
772 4237 981 4302 adhiberent.
1002 4235 1026 4324 ¹)
1062 4235 1168 4300 Multa
1191 4236 1272 4300 talia
1295 4235 1398 4299 babet

185 4457 206 4519 ¹)
224 4454 403 4527 Rtnoxnm,
420 4455 566 4512 Praefatio
581 4457 659 4512 Libri
675 4457 763 4526 primi
777 4457 852 4512 Rud.
866 4457 955 4513 Hebr.
969 4458 1183 4525 „Posteaquam
1197 4470 1276 4511 anno
1289 4456 1398 4509 aetatis

148 4557 233 4600 meae
250 4544 492 4614 duodevigesimo
511 4546 654 4602 Prisciani
673 4546 873 4601 Caesariensis
893 4546 1023 4601 literaria
1042 4546 1141 4600 studia
1160 4545 1192 4599 in
1208 4544 1308 4599 subola
1322 4544 1397 4598 Pari.

150 4632 264 4689 olorum
282 4647 441 4703 masne
459 4637 546 4692 snm”
565 4637 621 4691 oet.
