3270 5310
841 387 884 450 80

239 581 316 646 duci
346 579 448 644 Macr.
479 581 583 643 etiam
615 581 758 660 apparet
789 596 833 643 ex
856 579 909 643 his
932 577 1099 659 strophis,
1125 577 1316 658 desumptis
1340 594 1359 643 e
1383 578 1487 642 choro

240 714 306 778 quo
329 697 463 777 Iosephi
486 699 586 761 actus
609 696 781 760 secundus
804 695 982 760 clauditur.
1030 695 1096 760 los.
1123 696 1185 759 761
1211 710 1304 775 sqq:

596 836 649 904 Qui
670 838 772 891 studet
790 836 850 891 Deo
868 837 983 905 placore

596 934 650 989 Cor
670 936 753 1001 paret
773 934 934 998 modestia,

596 1031 710 1086 Lucifer
730 1032 807 1099 quod
827 1033 866 1085 001
884 1030 1011 1099 Olympo

596 1128 705 1184 Pulsus
723 1128 759 1183 ob
779 1129 957 1197 superbiam.

595 1278 730 1332 Sobriam
750 1279 892 1346 paretque
912 1279 1046 1332 mentem

597 1375 718 1443 Absque
737 1375 856 1443 crapula
875 1375 947 1438 Deo,

597 1472 677 1539 Quod
696 1472 766 1540 gula
784 1486 822 1526 ex
842 1472 976 1540 paradiso
997 1472 1148 1526 Adaiuum

598 1569 820 1636 Protoplastum
838 1568 952 1624 eiecerit.

595 1721 697 1774 sordis
715 1734 822 1786 expers
841 1734 927 1774 mens
947 1721 1067 1787 paretur

568 1800 569 1804 '
594 1817 740 1872 castitate
760 1818 893 1884 praedita

595 1914 691 1968 Foeda
710 1915 788 1980 quod
807 1913 896 1968 libido
914 1914 1010 1968 1110νεὶ1

595 2011 668 2066 Cum
688 2011 854 2066 Gomorrha
873 2011 1043 2065 Zodomam.

595 2161 759 2216 Candidum
778 2162 809 2215 et
829 2160 930 2214 livoris
948 2173 1056 2226 expers

595 2258 648 2312 Cor
667 2259 708 2312 sit
726 2272 795 2325 erga
815 2258 1003 2326 proximum,

596 2355 701 2409 Invido
720 2355 752 2409 in
772 2355 894 2410 fratrom
914 2353 995 2408 Caini

596 2454 676 2520 Quod
695 2453 768 2506 deus
786 2451 971 2505 maledixerit.

286 2601 412 2665 Contra
435 2602 531 2665 modo
556 2631 597 2657 =
621 2602 804 2666 dummodo
827 2600 929 2665 ludio.
956 2600 1070 2664 habet.
1119 2600 1183 2664 Ad.
1212 2600 1317 2663 1980:

491 2760 565 2827 Lege
584 2733 701 2814 obsecro
720 2759 858 2828 tabellas,
878 2759 964 2814 modo
984 2761 1088 2813 nostra
1107 2759 1233 2813 interest.

489 2856 617 2910 Multum
638 2857 757 2924 quidem
778 2858 878 2910 vestra
896 2857 1032 2911 interest.

285 2999 400 3077 Atque
424 2998 544 3062 eadem
568 2997 812 3078 significatione
834 3000 881 3062 ut.
929 2999 1028 3062 Asot.
1056 2998 1158 3061 1447:

525 3157 568 3212 Ut
586 3160 662 3211 esto-r
681 3159 770 3225 atque
791 3156 911 3224 bibitur,
930 3157 1032 3209 omnia
1050 3155 1173 3210 interim

523 3253 653 3322 Flagella
672 3267 844 3308 successura
862 3253 948 3307 nihili
969 3252 1109 3318 pensitat.

284 3393 381 3457 Aliae
404 3395 677 3459 constructiones
701 3365 885 3458 inusitatae
910 3398 993 3458 sunt
1015 3393 1118 3458 baec:

276 3552 333 3608 Ios.
353 3552 431 3608 1059.
467 3553 594 3607 Videbar
617 3567 710 3608 manu
730 3567 797 3607 mea
815 3553 917 3606 tenere
935 3565 977 3604 me
995 3551 1116 3605 calicem
1123 3567 1131 3619 ;
1152 3551 1221 3606 1082
1241 3550 1361 3606 videbar
1380 3551 1487 3605 habere

239 3663 281 3703 1110
309 3650 341 3703 in
369 3650 464 3717 capite
493 3664 559 3704 meo
586 3651 716 3705 canistra
743 3649 810 3704 tria.
848 3650 932 3703 Asot.
962 3649 1031 3702 1102
1050 3648 1154 3702 amisit
1173 3662 1228 3702 noe
1242 3663 1298 3718 pro
1317 3648 1487 3702 irretiendis

240 3746 369 3813 piscibus
376 3762 383 3816 ;
413 3746 482 3801 1848
509 3761 540 3801 10
568 3748 698 3815 mystica
725 3746 784 3800 Pro
813 3746 993 3814 corrigendis
1022 3745 1154 3800 moribus
1172 3745 1324 3801 fruamini.
1344 3745 1414 3800 Reb.
1434 3745 1488 3800 586

240 3843 323 3911 Mage
342 3858 395 3898 vos
414 3843 512 3898 trahat
532 3844 652 3898 fortuna
671 3858 761 3911 quam
781 3844 959 3910 negotiatio,
978 3843 1077 3897 videre
1096 3843 1173 3898 licet.

289 3983 441 4048 Timeadi
464 3986 569 4049 verba
592 3986 729 4065 saepius
753 3984 1008 4049 coniunctivum
1031 3985 1160 4048 habent
1183 3985 1309 4049 omisso
1335 4001 1390 4050 de:

276 4144 354 4198 Petr.
378 4144 447 4198 1032
466 4143 568 4198 Timeo
587 4157 647 4197 non
666 4143 778 4210 queant
798 4144 882 4198 Asot.
901 4143 953 4197 305
973 4142 1071 4197 Timui
1090 4142 1122 4196 in
1142 4156 1191 4196 me
1209 4141 1319 4196 faceret
1336 4142 1486 4209 impetum

239 4240 289 4294 401
320 4241 413 4295 1111100
438 4239 528 4294 faciat
546 4239 616 4294 Reb.
636 4240 688 4293 358
707 4252 809 4294 vereor
828 4240 943 4308 veniat;
964 4239 1016 4294 775
1035 4239 1137 4294 Timeo
1157 4253 1241 4293 mora
1259 4239 1300 4294 sit
1318 4239 1486 4294 discrimini

241 4336 333 4392 Aluta
357 4337 411 4392 426
433 4337 535 4392 Timeo
556 4336 660 4390 viserit
679 4335 791 4391 frustra
810 4349 889 4403 puer.
926 4337 978 4391 564
998 4337 1143 4391 Veremur
1161 4336 1303 4391 omnibus
1322 4336 1402 4390 baud
1421 4350 1486 4392 0011-

239 4434 360 4490 duxerit
385 4435 478 4490 Andr.
503 4434 553 4488 721
579 4433 681 4488 Timeo
704 4433 871 4487 turbaveris
889 4433 944 4489 Ad.
965 4433 1017 4488 169
1036 4433 1146 4488 Vereor
1163 4435 1268 4488 tamen
1286 4432 1419 4488 donatus
1438 4432 1487 4487 hic

239 4528 427 4588 frustraneus
444 4530 566 4586 futurus
584 4529 633 4584 sit.
670 4528 743 4584 Cum
762 4528 846 4584 infin.
866 4530 951 4584 Asot.
969 4529 1023 4584 904
1040 4529 1115 4584 Cum
1127 4529 1307 4596 deprehendi
1321 4544 1382 4585 non
1395 4529 1487 4584 times

240 4627 403 4685 1000111110
421 4629 491 4685 tabo
509 4627 661 4684 cicatrices
679 4627 856 4695 putrescere.
