3270 5310
778 361 840 425 184

411 659 545 741 Actus
574 660 768 755 quartus.
842 656 1007 741 Scaena
1035 662 1202 741 octava.

707 849 913 858 ————

715 976 910 1059 Salaterai.

433 1171 611 1237 Rusurcus.
660 1172 829 1237 Psmuon.
878 1172 1080 1237 Saenianus
1103 1177 1184 1239 tres.

309 1364 362 1429 Me
388 1365 567 1446 miserum,
592 1367 632 1430 ut
654 1365 841 1431 infortunia
863 1365 1057 1441 infortuniis
1080 1367 1288 1432 succedunt!

310 1479 411 1544 Hunc
435 1479 568 1545 circiter
591 1480 702 1547 locum
727 1481 830 1546 miser
852 1481 1004 1562 pecuniis
1027 1481 1112 1547 meis
1136 1482 1322 1563 spoliabsr,

310 1595 375 1659 Hic
399 1596 603 1677 vapulabam
626 1600 663 1660 et
686 1597 719 1661 in
744 1595 894 1661 cloacam
916 1595 1129 1677 deprimebar
1151 1597 1279 1663 insons.

310 1711 354 1775 Et
376 1712 542 1777 hactenus
565 1713 758 1792 quaerendo
781 1729 909 1791 susque
933 1712 1042 1791 deque
1066 1716 1259 1794 praetorem
1283 1714 1372 1780 adeo

257 1881 262 1892 .
311 1828 461 1892 Tandem
478 1828 645 1910 fatigatus
660 1845 738 1893 sum
754 1833 794 1894 ut
809 1828 940 1894 hiscere
953 1829 1013 1897 vix
1026 1846 1149 1909 queam
1162 1829 1204 1893 ad
1217 1829 1438 1909 loquendum.

312 1942 377 2008 Sed
402 1960 537 2025 eccum,
561 1944 661 2009 adest
684 1944 817 2009 cinctus
840 1947 982 2009 caterva
1006 1944 1151 2009 militum
1175 1961 1327 2010 suorum.

313 2058 440 2138 Adib03
465 2059 587 2124 reddat
609 2059 700 2129 hunc
724 2060 803 2126 mihi
828 2059 913 2125 deus
936 2061 1048 2141 pium,
1072 2069 1295 2124 mansuetum
1319 2064 1357 2124 et

313 2174 548 2241 Tractahilem.
585 2175 710 2241 Pseud.
737 2174 822 2255 Quid
846 2175 922 2241 vult
945 2176 1008 2241 sibi
1031 2174 1177 2241 villanus
1200 2174 1281 2240 ille?
1306 2175 1440 2242 adesto

315 2289 393 2355 Suu.
418 2290 585 2372 Procede,
611 2291 712 2372 ades,
736 2308 885 2372 pagane;
910 2291 990 2371 quid
1015 2291 1074 2355 tibi
1099 2291 1251 2372 negocii‘l
1274 2291 1378 2358 adsis

259 2459 265 2472 .
313 2406 416 2472 Rusu.
441 2406 545 2485 Volo,
570 2406 630 2470 sed
654 2406 783 2488 pudore
807 2406 949 2472 deferor.
997 2406 1076 2472 Suc.
1094 2406 1205 2481 Minus
1222 2405 1439 2488 pudendum;

1256 2523 1393 2589 accede.

314 2637 440 2704 Palm.
471 2637 522 2703 Ne
549 2641 722 2721 sternere,
746 2641 784 2702 at
809 2655 949 2704 causam
973 2641 1070 2704 tuam
1093 2638 1225 2720 explica
1248 2638 1380 2718 absque

1209 2769 1347 2834 pavore.

314 2869 416 2934 Ruso.
442 2867 536 2950 Heu,
563 2869 697 2933 domine
720 2872 875 2950 praetor,
899 2869 962 2933 hoo
983 2869 1055 2951 die,
1072 2869 1136 2935 hac
1150 2869 1185 2933 in
1204 2869 1307 2950 urbe,
1324 2869 1360 2933 in
1378 2870 1441 2936 hac

296 3053 299 3059 .
1280 2985 1398 3067 platea

314 3100 498 3166 Pecuniam
522 3117 625 3180 quem
649 3099 902 3181 prolatoribus
926 3099 1011 3164 meis
1038 3100 1214 3165 immensis

314 3217 419 3282 Paulo
443 3217 536 3299 prius
559 3233 772 3297 receperam,
797 3220 872 3282 tota
895 3216 998 3280 miser
1021 3216 1186 3296 spoliatus

261 3384 267 3398 .
316 3332 409 3398 Sum.
457 3333 582 3399 Pauca.
608 3332 806 3411 Quomodo?
830 3350 914 3397 num
938 3334 1017 3407 astu
1041 3331 1188 3406 dolove?
1204 3332 1364 3398 manibus
1380 3336 1443 3398 aut

1207 3447 1397 3513 violentis?

317 3564 420 3630 Rosa.
445 3563 480 3629 Si
505 3581 559 3628 me
583 3564 700 3629 audiat
723 3564 881 3629 dominus
905 3580 1019 3644 meus,
1042 3563 1138 3629 brevi
1166 3562 1350 3628 admodum

1146 3694 1304 3751 sermone

316 3798 443 3860 Astum
460 3811 669 3876 exposuero,
686 3795 886 3875 neutiquam
899 3794 1105 3860 violentiam.
1130 3793 1255 3858 Paean.
1272 3792 1442 3858 Profecto.

317 3911 419 3977 Ruso.
444 3910 534 3975 Dum
557 3910 752 3976 nummulos
775 3928 870 3976 meos
894 3926 1055 3975 recenseo
1078 3910 1174 3975 venit
1197 3908 1398 3974 adolescens

322 4025 568 4091 Scholaslieum
593 4043 695 4106 quem
718 4027 933 4107 suspicabar,
958 4025 1166 4105 comiterque
1189 4025 1324 4090 locutus

195 4185 202 4205 .
263 4197 268 4206 .
316 4141 395 4205 Mihi
419 4141 618 4222 primulum,
643 4142 732 4223 rapit
755 4142 839 4206 illico
862 4141 1070 4222 imprudenti
1092 4139 1149 4227 (ut
1171 4140 1316 4227 extimo)
1333 4158 1443 4206 unum

319 4256 547 4338 Philippeum,
571 4257 742 4338 fugitque,
768 4275 869 4337 quem
894 4257 976 4321 dum
999 4256 1089 4321 nitor
1112 4255 1267 4336 assequi,
1291 4271 1375 4320 mox

317 4373 369 4437 Me
394 4372 568 4453 paululum
592 4372 739 4438 abducto
763 4373 860 4437 venit
882 4372 1007 4438 sodalis
1031 4369 1086 4458 (ul
1109 4371 1267 4452 coniicio,

318 4487 481 4566 Quamvis
505 4488 598 4569 prius
621 4505 690 4553 non
714 4487 872 4576 viderim)
896 4491 932 4553 el
956 4487 1043 4551 tollit
1066 4486 1172 4551 semel
1196 4485 1276 4550 mihi
1293 4502 1445 4565 omnem,

318 4605 361 4668 Mi
386 4605 539 4684 domine,
563 4604 735 4669 residuam
758 4605 946 4685 pecuniam.
980 4603 1105 4669 Panse.
1132 4601 1212 4681 Quis
1236 4601 1328 4666 ausit
1352 4602 1444 4667 istuc
