3270 5310
776 376 838 439 154

307 569 380 635 Dm.
407 569 519 634 Sileto.
567 568 770 650 Sequimini,
795 567 874 632 milri
899 568 1101 649 exequenda
1125 572 1207 633 sunt

187 688 259 752 180.
307 686 401 766 Alia,
425 686 621 766 priusquam
644 685 791 750 abivoro.
840 684 930 750 Drsc.
956 682 1040 763 Quid
1065 684 1247 749 dixeram?

307 801 507 866 caedendus
530 805 585 865 est
608 817 692 881 puer
715 800 844 881 absque
867 801 1116 881 controversia,

308 917 402 997 Quod
426 935 504 982 cum
528 916 667 982 Cabisco
691 916 809 981 fuitei
833 915 999 982 convivio

649 1183 733 1189 -—
747 1178 955 1193 -..-

421 1435 555 1512 Actus
591 1433 769 1531 primus.
845 1431 1011 1512 Scaena
1047 1432 1189 1510 tertia.

377 1876 600 1943 Dmusclnns.
648 1876 844 1941 Percussus
893 1875 1065 1940 Discrennr
1090 1879 1245 1955 quatuor.

311 2069 466 2134 Proserto
489 2069 612 2150 flagra,
637 2069 800 2149 Claviger.
837 2068 1005 2150 Petrisce,
1031 2069 1122 2133 ades.

310 2185 411 2250 Pers.
438 2184 521 2264 Quid
547 2185 647 2249 vult?
693 2184 767 2251 Du).
792 2185 904 2266 Ades,
928 2185 1045 2265 paucis
1067 2183 1156 2264 loqui
1180 2187 1296 2248 tecum
1321 2186 1408 2250 volo,

189 2303 262 2366 185.
310 2301 412 2366 Puua.
437 2302 548 2365 Adest
572 2300 763 2381 Petriscus‚
788 2301 907 2381 ecquid
931 2301 965 2365 in
989 2317 1044 2364 me
1069 2299 1244 2364 criminis?

311 2417 384 2483 Dm.
410 2417 460 2481 Tu
483 2417 578 2481 solve
602 2416 864 2497 subligaculum,
889 2419 1054 2497 parentur
1076 2417 1098 2480 il

312 2532 469 2615 Quoque,
494 2533 550 2612 qui
574 2532 679 2597 futuri
703 2535 785 2596 sunt
810 2533 889 2596 mihi
913 2532 1089 2598 adiutorio.

311 2649 413 2714 Pers.
438 2648 500 2729 Qui
524 2649 647 2712 caedar·
670 2649 807 2713 omnino
830 2648 1019 2714 innocens?
1051 2647 1125 2713 Dm.
1143 2646 1227 2713 Tun'
1245 2647 1439 2712 innocens?

311 2764 360 2829 Tu
384 2767 625 2844 praeterqu,
651 2781 789 2828 caseum
814 2768 850 2828 et
873 2764 937 2828 alia
960 2764 1121 2845 plurima,

213 2925 219 2943 .
258 2935 263 2945 .
311 2880 404 2961 Quas
428 2880 596 2944 sustulisti
621 2896 664 2943 ex
689 2880 829 2944 aedibus
853 2880 1073 2960 creberrime,

311 2996 518 3076 Neutiquam
542 2995 721 3077 pepercisti
745 2996 853 3076 patris
877 2995 1022 3076 peculio,

312 3113 355 3177 Et
378 3113 566 3177 innocens?
614 3111 714 3175 Pura.
740 3111 777 3175 Id
801 3128 902 3175 nemo
926 3111 1006 3174 mihi
1030 3110 1242 3191 probaverit,

311 3229 429 3309 Neque
455 3232 565 3292 mater
588 3244 740 3306 unquam
764 3228 831 3291 tale
856 3227 897 3291 de
922 3243 976 3290 me
1001 3226 1142 3307 dixerit,

312 3344 421 3424 Quam
444 3343 509 3406 huc
533 3343 736 3406 advocatam
761 3342 911 3422 oportuit
933 3341 978 3428 (si
1002 3358 1136 3406 mecum
1159 3357 1242 3421 agas

258 3513 264 3524 .
311 3458 422 3546 laste)
445 3459 643 3538 priusquam
666 3458 844 3537 caederer;
869 3457 924 3522 vel
947 3457 1094 3522 testibus

311 3575 460 3639 Probato
484 3573 573 3653 quod
596 3573 681 3638 salso
705 3574 842 3639 astruis.
890 3573 962 3638 Dm.
988 3572 1082 3652 Quod
1106 3590 1151 3637 ex
1176 3578 1235 3637 tuo

312 3690 460 3755 Parente
484 3689 581 3753 didici
605 3706 673 3754 non
697 3693 816 3770 potero
839 3706 908 3753 non
932 3690 1079 3753 credere.

312 3807 412 3872 Pura.
438 3805 620 3871 Vernaculi
645 3804 865 3869 mendacibus
888 3804 997 3869 credit
1020 3808 1118 3885 pater

312 3922 553 4002 instinctibus3
578 3938 680 4001 nege,
705 3921 737 3984 ni
762 3921 925 4002 probetur
949 3921 1105 3984 testibus.

191 4044 198 4071 ⁶
258 4093 264 4104 .
313 4038 386 4103 Dm.
412 4037 484 4102 Nos
506 4037 632 4101 iudicis·
649 4036 816 4115 testisque
840 4036 1013 4117 fungimur
1036 4036 1116 4100 loco

314 4155 363 4219 Tu
387 4154 546 4218 caeditur.
593 4151 665 4217 Vos
689 4151 820 4216 tendite
843 4169 883 4216 ac
907 4151 1091 4217 dissolvite.

314 4270 415 4334 Pura.
440 4268 536 4333 Houl
584 4267 659 4334 Dm.
684 4268 801 4332 vivam
825 4268 866 4332 ad
890 4285 999 4348 usque
1024 4269 1156 4349 cutem3
1181 4264 1303 4330 videbo
1328 4265 1357 4328 si

1197 4383 1327 4461 queant

313 4502 408 4567 Haec
432 4501 537 4581 llagra
561 4504 687 4563 testem
711 4516 903 4578 accerserc;
928 4498 1140 4579 protendite,

314 4621 441 4684 Tenete
465 4617 609 4681 fortiter.
657 4614 757 4680 Pars.
783 4614 1005 4678 innocentem
1029 4612 1179 4678 caeditis.
