3270 5310
765 365 826 428 121

215 556 361 622 Videtur
380 557 443 622 hoc
461 556 664 623 vocabulum
680 574 783 639 saepe
800 559 869 621 vim
886 558 1132 625 deminutivam
1150 560 1247 641 plane
1264 562 1420 627 amisisse

170 672 213 739 cf.
238 672 335 739 Bass.
360 673 422 753 83,
450 673 531 754 102,
555 673 620 738 Ios.
645 690 715 753 arg.
743 674 783 737 12
808 672 890 739 Hec.
920 674 982 738 122
1007 675 1112 741 Andr.
1139 676 1220 740 821:

558 813 632 869 Vult
651 828 781 882 namque
801 829 861 869 non
880 815 1028 872 serviliter

557 911 759 967 Obedieudum
779 911 946 967 uxorculae.

215 1050 291 1116 Nou
316 1050 566 1140 sineirrisione
588 1051 697 1116 Andr.
724 1053 819 1117 1036.

328 1192 502 1249 sacrificum
521 1207 627 1248 amans
647 1193 789 1249 uxorcula
808 1195 853 1249 lle
873 1209 934 1249 non
952 1195 1065 1250 screbat
1082 1196 1249 1263 coniugem.

213 1317 233 1379 4
270 1315 498 1380 Meretriculoe
527 1317 617 1397 apud
649 1317 793 1398 Macrop.
826 1318 912 1382 satis
944 1335 1046 1399 saepe
1078 1322 1115 1383 et
1144 1319 1352 1384 inducuntur
1383 1322 1419 1383 et

168 1432 406 1515 nominantur,
438 1432 603 1513 imprimis
633 1433 667 1496 in
700 1434 827 1513 Asot03
860 1434 948 1498 lilius
980 1434 1071 1498 enim
1102 1435 1262 1515 prodigus
1286 1434 1418 1500 duabus

167 1547 240 1611 eius
276 1547 410 1628 generis
441 1548 593 1612 auriculis
617 1551 729 1613 totum
753 1565 791 1613 se
816 1549 961 1623 dedidit,
987 1549 1076 1614 unde
1100 1549 1183 1614 haec
1208 1550 1249 1614 de
1274 1566 1314 1614 eo
1338 1550 1418 1614 dicit

168 1663 275 1727 maior
297 1663 421 1729 irater:
459 1664 557 1728 Asot.
586 1663 680 1729 1296.

469 1805 620 1860 Adhaeret
639 1805 666 1859 is
685 1807 888 1872 spurcissimis
908 1806 1114 1861 meretriculis.

213 1942 306 2024 Quae
341 1947 456 2009 tamen
494 1944 566 2010 aliis
602 1947 739 2010 minime
771 1947 932 2011 videntur
962 1947 1208 2028 repudiandae3
1237 1947 1416 2011 audiamus

166 2061 335 2139 quomodo
366 2077 425 2126 eas
456 2061 603 2143 appellet
630 2061 809 2143 Commta,
834 2063 972 2126 iunioris
995 2063 1067 2126 heri
1091 2063 1123 2126 in
1149 2063 1305 2127 omuibus
1329 2080 1416 2143 quae

165 2175 208 2239 ad
232 2192 366 2242 amores
390 2178 563 2257 pertinent
586 2177 694 2243 fidelis
718 2178 882 2243 minister.
920 2180 1018 2244 Asot.
1044 2179 1119 2244 283.

865 2318 939 2374 011111.
958 2319 1032 2375 Face

432 2417 475 2471 Ut
493 2417 635 2472 advolent
653 2418 728 2471 duae
749 2416 905 2480 dirimatur,
924 2418 956 2471 et
974 2416 1145 2483 formosulos

432 2514 471 2568 Et
489 2514 648 2569 molliculus
667 2516 698 2569 et
718 2514 875 2578 amabiles,
894 2513 1064 2568 Planesium
1084 2516 1114 2569 et

432 2611 650 2680 Marmoreum,
669 2614 759 2679 atque
779 2612 869 2667 huius
888 2610 999 2665 farinae
1019 2611 1135 2679 pauculi

431 2708 540 2762 Bibesii
561 2709 750 2776 voluptuarii.

210 2849 253 2913 Et
277 2849 382 2916 Colax
407 2850 578 2931 parasitus
603 2852 663 2916 As.
689 2852 763 2916 590.

733 2992 756 3046 Ο
777 2991 930 3062 lepusculos
950 2992 1004 3046 tibi

448 3088 620 3158 Pulposuloa
639 3090 726 3143 modo
747 3089 914 3157 praendidi,
934 3088 1121 3157 Planesium,

447 3186 665 3254 Margaonium,
685 3186 763 3241 feras
781 3189 811 3242 st
831 3187 860 3241 ld
878 3200 974 3254 genus
992 3185 1074 3242 alias.

207 3309 252 3373 Et
274 3310 346 3390 ipse
370 3311 502 3374 Asotus
526 3311 586 3376 As.
615 3311 709 3375 1331.

376 3451 432 3505 Ubi
454 3452 620 3506 turturulloa
640 3452 695 3506 has
715 3466 796 3506 meas
816 3452 970 3521 conrptrrlua
989 3464 1188 3516 composuero.

207 3573 277 3639 Nec
313 3575 477 3639 miramur
511 3592 569 3640 eas
605 3576 647 3639 ab
679 3574 934 3639 adulescentulo
966 3580 1144 3655 tantopere
1176 3575 1300 3653 arnari,
1325 3592 1412 3655 quae

160 3689 244 3754 haec
268 3691 299 3754 ei
323 3690 546 3771 polliceantur
570 3692 668 3756 Asot.
698 3692 793 3756 1358.

658 3833 701 3887 Tu
721 3847 775 3886 uos
795 3833 913 3900 quidem

286 3928 474 3992 Materculoa
493 3930 667 3997 sorormdus,
689 3929 853 3993 reservatos,
872 3928 1010 3982 urrrirulos

285 4024 415 4081 Habebis
434 4041 540 4095 usque,
560 4029 627 4082 tum
646 4028 741 4095 domi,
763 4030 829 4082 tum
850 4028 921 4081 soris
940 4028 972 4081 et
991 4028 1070 4081 iutra
1091 4025 1267 4081 cubiculum.

206 4166 325 4247 Neque
349 4169 539 4232 coutemnit
561 4186 620 4233 eas
644 4169 852 4249 Laomargus
876 4169 953 4234 Laz,
982 4169 1076 4233 1378.

373 4308 493 4364 Certum
513 4312 561 4364 ost
579 4309 720 4378 Cynopen
741 4310 819 4363 hunc
838 4311 960 4364 domum
981 4309 1131 4376 ablegare,
1152 4323 1188 4361 ru·

373 4406 403 4461 Si
424 4407 576 4474 quippiam
597 4421 664 4462 cum
685 4407 821 4462 amiculis
841 4407 903 4460 sive
925 4405 1029 4473 lepidis

373 4503 568 4558 Meretriculis
588 4505 760 4572 prodegero‚
781 4505 843 4571 ipso
863 4504 979 4568 couiuci
1057 4568 1065 4584 ι

373 4600 446 4655 Rom
467 4600 587 4655 deferat.
