3270 5310
781 383 846 449 209

221 580 372 646 Quantam
391 579 455 633 viro
473 577 678 633 calamitatem
696 576 801 633 afferat
819 578 915 633 stulta
933 593 1009 634 uxor
1028 579 1171 634 discimus
1191 580 1283 635 Aluta
1301 581 1362 636 486.

527 718 575 774 Nil
594 719 716 787 gravius
734 721 782 774 est
800 721 864 774 viro
884 720 960 775 bono

526 816 620 882 Quam
640 816 748 872 habere
767 817 894 872 stultam
914 819 1084 885 coniugem,

525 913 599 968 Cum
618 913 662 968 illi
681 913 753 968 forie
771 915 802 969 et
820 915 853 969 in
872 915 994 971 aedibus

526 1011 572 1066 Sit
592 1025 686 1078 usque
705 1012 799 1080 pestis
817 1013 961 1068 maxima.

563 1108 642 1164 Haec
661 1109 783 1177 derogat
802 1109 898 1165 famae
918 1111 989 1179 viri,

526 1207 697 1275 Corrumpit
715 1221 836 1262 omnem
855 1207 1017 1279 familiam,

528 1304 602 1358 Rem
622 1304 749 1372 dissipat
767 1305 978 1370 domesticam,

528 1401 707 1456 Praesertim
727 1402 776 1456 ubi
797 1417 900 1471 sapere
920 1418 952 1459 se
971 1405 1068 1472 putat.

562 1499 691 1554 Duxlsse
710 1501 844 1566 praestat
863 1499 1000 1565 efferam,

527 1595 662 1664 Piparam,
680 1596 838 1665 superbam
858 1599 913 1654 aut
931 1598 1065 1653 invidam

526 1693 620 1760 Quam
640 1693 780 1749 stolidam
799 1696 832 1748 et
850 1696 1019 1759 amentem,
1039 1697 1080 1750 rei

528 1790 580 1845 Cui
600 1790 682 1845 nulla
701 1805 771 1846 cura
789 1792 980 1848 domesticae.

223 1929 404 1986 Tenaeitatis
424 1931 543 1997 saepius
562 1944 670 1985 uxeres
689 1945 707 1985 a
725 1932 844 1986 maritis
862 1934 1050 1988 accusantur.

403 2070 473 2126 Hec.
495 2071 546 2125 154
565 2085 628 2140 sqq.
845 2072 888 2128 Ut
907 2074 961 2128 hoc
979 2087 1075 2140 genus

403 2168 641 2224 Muliercularum
660 2169 801 2225 illiberale
821 2172 868 2224 est
887 2172 919 2225 et
939 2171 1046 2225 tenaxl

402 2292 484 2346 Basa.
503 2292 557 2346 513
576 2291 713 2378 Detestor
731 2307 785 2361 ego
804 2294 999 2348 tenacitatem
1019 2295 1051 2348 in
1072 2294 1210 2359 muliere,

403 2389 482 2456 Quae
500 2390 635 2458 ingenita
654 2391 749 2444 eidem
769 2404 829 2445 nou
849 2392 949 2458 potest
967 2390 1094 2445 evellior.

225 2532 289 2585 Lea.
309 2532 370 2586 aab.
408 2530 504 2586 Maio.
525 2530 583 2584 Res
602 2530 676 2585 mihi
697 2530 755 2584 fuit
773 2544 841 2585 cum
861 2492 1012 2586 uxorcula.
1050 2531 1147 2585 Danu.
1168 2532 1241 2597 Quid
1255 2532 1320 2586 ita?
1340 2533 1436 2587 haum

1265 2629 1345 2695 Quod
1364 2630 1400 2683 ad

315 2768 390 2823 Rem
410 2767 564 2836 aliquanto
582 2769 696 2823 avidior
715 2770 771 2823 est.
808 2769 908 2825 Danu.
928 2769 961 2824 ld
980 2770 1134 2837 ingenium
1155 2770 1294 2825 omnibus

315 2865 369 2921 Est
386 2866 514 2920 insitum
534 2865 729 2921 mulierculis.

224 3005 266 3061 De
291 3005 379 3060 herae
404 3020 475 3060 suae
500 3006 636 3061 sordibus
660 3009 691 3061 et
715 3007 940 3063 inhumanitate
961 3008 1053 3063 etiam
1073 3010 1150 3063 servi
1171 3009 1351 3077 queruntur:
1372 3010 1436 3063 Laa.

189 3103 242 3158 492
261 3102 405 3170 (loquitur
424 3103 545 3171 cynopa
564 3104 690 3169 servus).

317 3243 374 3298 Res
392 3244 553 3299 admodum
574 3258 691 3298 morosa
711 3244 818 3299 mulier
836 3244 868 3299 in
886 3244 1021 3314 aedibus,
1040 3246 1087 3300 cui
1107 3245 1183 3300 nihil

314 3339 392 3395 Fieri
412 3341 511 3407 potest
531 3340 604 3408 quin
623 3341 786 3411 improbet,
807 3344 948 3409 perpetuo
968 3357 1070 3397 amara
1088 3343 1119 3397 et
1137 3356 1255 3410 aspera,

315 3437 393 3505 Quae
412 3438 465 3492 vix
483 3438 558 3492 sinit
577 3451 652 3504 pane
671 3440 736 3494 atro
755 3442 786 3493 et
804 3441 870 3495 atro
889 3454 974 3495 caseo
993 3441 1142 3496 ientarier.

315 3535 393 3590 Hero
412 3549 479 3590 meo
499 3535 602 3590 malim
622 3537 701 3592 domi
721 3537 865 3591 inservire
883 3538 998 3592 centies
1016 3552 1105 3605 quam
1126 3538 1196 3594 huic
1216 3538 1316 3593 semel.

225 3676 296 3732 Hec.
315 3675 556 3744 esequissero)
575 3676 731 3732 Tenaoitas
749 3676 917 3731 mehercule
936 3677 1055 3733 mulieri

386 3773 550 3841 Sordesque
569 3775 677 3828 natura
695 3774 803 3844 insita,
823 3774 903 3829 haud
923 3773 983 3828 ullo
1002 3776 1118 3842 queunt

386 3871 534 3939 Respeotu
554 3871 676 3926 honoris
695 3870 805 3926 vellier.

228 4005 327 4070 Atque
343 4003 465 4057 omnino
479 4003 552 4071 quin
566 4003 697 4071 praestet
710 4003 756 4058 vir
769 4002 887 4058 mulieri
901 4003 1027 4058 minime
1039 4003 1158 4059 dubitat
1171 4003 1257 4059 Macr.
1271 4006 1365 4064 Andr.
1378 4006 1437 4061 796.

582 4127 626 4181 Ut
644 4127 806 4182 concinunt
825 4127 1008 4182 concorditer

581 4224 685 4278 Sacrae
704 4225 734 4278 et
754 4224 924 4292 prophanae
943 4222 1061 4288 literae,

584 4321 627 4375 Ut
646 4334 790 4388 mensque
809 4335 884 4375 sana
903 4321 1029 4385 iudicat,

582 4418 636 4472 Vir
653 4420 702 4472 est
721 4417 846 4473 muliere
864 4418 990 4486 dignior.

226 4542 293 4596 Non
317 4543 364 4596 est
389 4543 491 4596 tamen
518 4542 594 4609 quod
620 4543 762 4608 putemus
783 4555 852 4596 eum
873 4540 1013 4596 mulieres
1032 4542 1095 4594 tam
1116 4541 1310 4596 vehementer
1328 4542 1439 4613 odisse,

189 4652 264 4705 quas
289 4652 395 4692 omnes
419 4639 483 4692 eius
508 4638 646 4705 aequales
671 4639 805 4693 suaviter
830 4639 925 4693 ridere
950 4637 1099 4705 solebant3
1119 4637 1314 4705 nequeenim
1336 4639 1440 4693 Latine

1303 4734 1334 4784 ll
