3270 5310
203 605 359 671 onlrelore
382 637 423 661 =
448 606 581 687 gestire.

192 746 249 801 Ad.
267 746 320 801 989
339 747 417 815 quod
431 747 505 802 scire
517 746 640 802 anhelas
653 747 752 803 anxie.
771 747 834 803 Hoe
848 763 964 817 quoque
977 764 1015 804 ex
1029 750 1117 819 Vulg.
1130 753 1259 819 petitum
1276 754 1394 810 ridetur
1401 773 1409 824 ;

157 857 219 899 non
236 844 339 898 tamen
357 843 469 899 inveni.

202 969 621 1051 Xoacopes-rnendosum
646 970 783 1035 videtur
806 987 867 1050 pro
884 987 1065 1052 ascoperas
1083 972 1261 1057 (ascopera
1277 1003 1319 1030 =
1336 992 1407 1040 sae-

157 1085 254 1149 culus
278 1085 450 1150 coriaceus
473 1086 508 1150 in
532 1085 671 1151 modum
695 1087 782 1150 utris
806 1086 944 1174 faetus).

193 1228 245 1281 As
275 1224 345 1280 1368
375 1224 442 1280 Vini
470 1225 576 1292 optimi
601 1223 683 1279 Ferri
709 1225 740 1278 in
766 1225 920 1279 triremem
947 1225 1007 1278 iam
1032 1238 1154 1294 ascopas
1179 1228 1254 1282 iussi
1277 1230 1352 1285 duas
1371 1232 1405 1286 ef.

158 1323 227 1378 1391
259 1322 409 1390 Paegnion
438 1321 525 1376 Asoti
556 1322 640 1376 adest
672 1334 759 1388 puer,
790 1321 926 1375 vidulum
957 1336 1064 1389 gerens
1092 1324 1338 1394 marsupiumquo
1368 1328 1406 1383 Et

153 1433 275 1487 ascoms
292 1419 356 1474 vini
374 1419 458 1473 duas.

199 1543 384 1609 ><aeolicae.

190 1659 275 1714 Asot.
293 1658 347 1712 450
364 1658 485 1713 amiculi
505 1657 657 1726 sybaritici
678 1657 803 1712 Asiatici
823 1656 912 1725 atque
931 1658 1035 1712 asotici
1055 1658 1125 1711 Reb.
1146 1660 1199 1713 544
1219 1661 1333 1716 Asotici
1346 1663 1404 1717 duo

152 1755 367 1811 adulescentuli
387 1757 490 1812 Seorta
508 1756 657 1824 expetunt
675 1756 804 1809 venusta
821 1755 888 1810 duo.

200 1882 219 1923 Χ
231 1878 438 1958 osaoefoetio.

490 1991 541 2048 Asss
563 1995 613 2049 134
632 1995 809 2049 assuefactio
828 1993 982 2048 audaciam
1001 1994 1061 2047 dat.

198 2117 299 2181 barbe
323 2117 476 2205 (blande)
500 2147 542 2173 =
567 2118 637 2199 vir,
662 2118 771 2183 homo.
819 2117 885 2183 los.
915 2118 1009 2183 1775.

401 2257 441 2313 Tc
460 2272 511 2327 per
530 2260 615 2314 tuam
635 2260 740 2330 fldem,
758 2260 853 2314 amica
873 2259 977 2329 barba,
996 2260 1142 2328 deprecor.

196 2387 324 2448 caestus
348 2414 387 2438 =
414 2382 525 2450 fustis.
573 2383 649 2449 Laz.
677 2385 742 2448 766
767 2385 895 2449 Thraso
919 2399 1042 2448 seruus
1065 2383 1229 2447 mendicis
1249 2383 1399 2448 minatur·

151 2497 184 2560 in
207 2497 297 2562 hunc
321 2498 476 2563 modum:

397 2632 462 2686 lam
482 2632 552 2697 (nisi
572 2646 681 2687 manus
701 2632 776 2685 mihi
796 2633 982 2699 stupescant)
1000 2632 1125 2695 [restibus

396 2728 443 2782 lta
462 2743 516 2783 vos
533 2728 698 2793 emolliam,
718 2730 752 2783 ut
772 2730 839 2783 tum
860 2728 988 2784 brachiis

396 2824 472 2880 Tum
492 2825 627 2881 cruribus
647 2838 705 2890 pax
724 2826 934 2895 comminutis,
955 2827 1033 2881 haud
1053 2841 1138 2882 secus

396 2924 440 2978 Ac
459 2921 585 2990 polypus
603 2936 725 2977 exossss
743 2922 805 2976 solo
824 2922 981 2977 incubat-is
998 2926 1019 2989 ¹)

191 3046 293 3126 Post,
320 3045 564 3126 reelegimus:

183 3186 310 3254 'Pergam
333 3187 380 3241 est
403 3186 530 3240 daturus
548 3186 693 3241 coestibns.
731 3189 824 3242 Andr.
843 3188 896 3241 957
916 3188 1015 3241 Penus
1036 3188 1212 3255 perterritus
1232 3187 1392 3242 exclamat:

145 3283 340 3351 gravissimos
367 3285 452 3350 parat
477 3286 582 3338 caestus
589 3301 600 3350 ;
626 3299 683 3351 quo
712 3285 815 3339 audito
840 3283 972 3351 Georgos
997 3285 1069 3339 dicit
1093 3285 1147 3338 959
1166 3284 1260 3337 Adest
1280 3284 1393 3349 Porrus,

146 3379 237 3434 tirnst
263 3379 319 3434 sibi
348 3393 416 3447 prae
442 3381 573 3447 fruitione.
600 3382 696 3435 Adam
722 3381 773 3435 221
798 3381 847 3435 Fit
873 3394 1001 3448 namquo
1021 3382 1101 3435 certo
1120 3381 1231 3435 certius
1250 3381 1393 3437 Cecidlsse

148 3476 271 3531 Abelem
291 3476 460 3545 pestilentis
479 3479 624 3533 caestibus.

191 3600 298 3666 calida
333 3601 636 3667 fames-fortasse
671 3621 715 3667 ex
750 3603 864 3683 lingua
899 3601 1082 3666 vernacula
1121 3605 1299 3682 sumptum
1334 3604 1391 3688 (ci.

147 3715 307 3782 German.
331 3716 590 3804 Heisshunger).

482 3859 567 3913 Asot.
589 3859 774 3914 1109111111
793 3860 824 3913 st
843 3858 935 3913 calida
955 3858 1056 3913 lanies.

190 3981 357 4061 1111111111
380 4010 421 4038 =
447 3981 600 4062 capiendi
623 3981 774 4062 cupidus

416 4124 508 4178 Andr.
527 4124 581 4178 624
599 4123 749 4190 captiosus
768 4137 815 4192 cs,
833 4124 866 4176 11
886 4122 961 4176 nihil
980 4121 1143 4176 rerraben's

188 4246 209 4288 Χ
220 4244 357 4310 dedere.

308 4361 402 4416 Andr.
423 4360 645 4417 119οΡ111111·
665 4361 783 4424 lunoni,
802 4360 885 4414 clude
905 4360 1027 4413 tandem
1048 4359 1118 4426 quid
1138 4359 1219 4412 volis.

177 4562 198 4628 ¹)
217 4560 318 4616 Obiter
336 4575 494 4616 monemus
511 4565 661 4632 stupescere
681 4575 731 4628 pro
752 4562 948 4630 torpesceret
967 4560 1089 4614 emollire
1108 4575 1141 4614 co
1161 4575 1218 4627 quo
1239 4561 1285 4613 lrie
1304 4560 1386 4614 adiri·

140 4649 227 4705 betur
246 4663 336 4705 sensu
354 4650 433 4716 apud
452 4652 567 4704 veteres
586 4665 647 4704 non
665 4650 801 4703 inveniri.
