<?xml version="1.0" encoding="UTF-8"?>
<!DOCTYPE html PUBLIC "-//W3C//DTD XHTML 1.0 Transitional//EN"
    "http://www.w3.org/TR/xhtml1/DTD/xhtml1-transitional.dtd">
<html xmlns="http://www.w3.org/1999/xhtml" xml:lang="en" lang="en">
 <head>
  <title>
</title>
<meta http-equiv="Content-Type" content="text/html;charset=utf-8" />
  <meta name='ocr-system' content='tesseract 3.04.00' />
  <meta name='ocr-capabilities' content='ocr_page ocr_carea ocr_par ocr_line ocrx_word'/>
</head>
<body>
  <div class='ocr_page' id='page_1' title='image "./dedictionegeorg00macrgoog_0113.png"; bbox 0 0 3270 5310; ppageno 0'>
   <div class='ocr_carea' id='block_1_1' title="bbox 849 381 891 445">
    <p class='ocr_par' dir='ltr' id='par_1_1' title="bbox 849 381 891 445">
     <span class='ocr_line' id='line_1_1' title="bbox 849 381 891 445; baseline 0.024 -1"><span class='ocrx_word' id='word_1_1' title='bbox 849 381 891 445; x_wconf 85' lang='lat'>94</span> 
     </span>
    </p>
   </div>
   <div class='ocr_carea' id='block_1_2' title="bbox 246 572 1496 742">
    <p class='ocr_par' dir='ltr' id='par_1_2' title="bbox 246 572 1496 742">
     <span class='ocr_line' id='line_1_2' title="bbox 246 572 1496 642; baseline -0.004 -11"><span class='ocrx_word' id='word_1_2' title='bbox 246 575 451 642; x_wconf 89' lang='lat' dir='ltr'>oenopolium,</span> <span class='ocrx_word' id='word_1_3' title='bbox 481 576 644 642; x_wconf 81' lang='lat' dir='ltr'>parasitus,</span> <span class='ocrx_word' id='word_1_4' title='bbox 674 574 863 640; x_wconf 89' lang='lat' dir='ltr'>parasiticus,</span> <span class='ocrx_word' id='word_1_5' title='bbox 892 572 1032 642; x_wconf 85' lang='lat' dir='ltr'>phylace,</span> <span class='ocrx_word' id='word_1_6' title='bbox 1060 573 1261 642; x_wconf 76' lang='lat' dir='ltr'><strong>sycophanta,</strong></span> <span class='ocrx_word' id='word_1_7' title='bbox 1290 573 1496 641; x_wconf 78' lang='lat' dir='ltr'>syngraphus,</span> 
     </span>
     <span class='ocr_line' id='line_1_3' title="bbox 247 671 685 742; baseline -0.009 -14"><span class='ocrx_word' id='word_1_8' title='bbox 247 673 389 742; x_wconf 75' lang='lat' dir='ltr'>technae,</span> <span class='ocrx_word' id='word_1_9' title='bbox 408 671 641 740; x_wconf 89' lang='lat' dir='ltr'>thermopolium</span> <span class='ocrx_word' id='word_1_10' title='bbox 658 674 685 734; x_wconf 82' lang='lat'>¹).</span> 
     </span>
    </p>
   </div>
   <div class='ocr_carea' id='block_1_3' title="bbox 250 769 1497 996">
    <p class='ocr_par' dir='ltr' id='par_1_3' title="bbox 250 769 1497 996">
     <span class='ocr_line' id='line_1_4' title="bbox 294 769 1497 877; baseline -0.004 -17"><span class='ocrx_word' id='word_1_11' title='bbox 294 769 396 877; x_wconf 88' lang='lat' dir='ltr'>Apud</span> <span class='ocrx_word' id='word_1_12' title='bbox 424 796 537 860; x_wconf 87' lang='lat' dir='ltr'>varios</span> <span class='ocrx_word' id='word_1_13' title='bbox 561 797 736 865; x_wconf 79' lang='lat' dir='ltr'>auctores,</span> <span class='ocrx_word' id='word_1_14' title='bbox 762 798 882 874; x_wconf 87' lang='lat' dir='ltr'>poetas</span> <span class='ocrx_word' id='word_1_15' title='bbox 905 794 1108 874; x_wconf 88' lang='lat' dir='ltr'>praesertim</span> <span class='ocrx_word' id='word_1_16' title='bbox 1131 796 1167 857; x_wconf 91' lang='lat' dir='ltr'>et</span> <span class='ocrx_word' id='word_1_17' title='bbox 1190 793 1373 874; x_wconf 82' lang='lat' dir='ltr'>scriptores</span> <span class='ocrx_word' id='word_1_18' title='bbox 1396 793 1497 874; x_wconf 87' lang='lat' dir='ltr'>impe-</span> 
     </span>
     <span class='ocr_line' id='line_1_5' title="bbox 250 907 1365 996; baseline -0.004 -20"><span class='ocrx_word' id='word_1_19' title='bbox 250 912 396 977; x_wconf 87' lang='lat' dir='ltr'>ratoriae</span> <span class='ocrx_word' id='word_1_20' title='bbox 419 911 545 974; x_wconf 86' lang='lat' dir='ltr'>aetatis</span> <span class='ocrx_word' id='word_1_21' title='bbox 569 909 749 996; x_wconf 84' lang='lat' dir='ltr'>(Plinium,</span> <span class='ocrx_word' id='word_1_22' title='bbox 773 907 995 996; x_wconf 90' lang='lat' dir='ltr'>Appuleium)</span> <span class='ocrx_word' id='word_1_23' title='bbox 1018 908 1241 973; x_wconf 88' lang='lat' dir='ltr'>inveniuntur</span> <span class='ocrx_word' id='word_1_24' title='bbox 1263 909 1365 973; x_wconf 90' lang='lat' dir='ltr'>haec:</span> 
     </span>
    </p>
   </div>
   <div class='ocr_carea' id='block_1_4' title="bbox 248 1051 1500 1995">
    <p class='ocr_par' dir='ltr' id='par_1_4' title="bbox 248 1051 1500 1995">
     <span class='ocr_line' id='line_1_6' title="bbox 286 1051 1498 1121; baseline -0.002 -14"><span class='ocrx_word' id='word_1_25' title='bbox 286 1053 469 1121; x_wconf 88' lang='lat' dir='ltr'>Aceplralus,</span> <span class='ocrx_word' id='word_1_26' title='bbox 494 1067 633 1116; x_wconf 76' lang='lat' dir='ltr'>emireus,</span> <span class='ocrx_word' id='word_1_27' title='bbox 651 1053 820 1120; x_wconf 89' lang='lat' dir='ltr'>artocopos,</span> <span class='ocrx_word' id='word_1_28' title='bbox 839 1051 935 1118; x_wconf 85' lang='lat' dir='ltr'>aspie,</span> <span class='ocrx_word' id='word_1_29' title='bbox 953 1052 1173 1119; x_wconf 81' lang='lat' dir='ltr'>autographus,</span> <span class='ocrx_word' id='word_1_30' title='bbox 1192 1051 1383 1120; x_wconf 79' lang='lat' dir='ltr'>barathrum,</span> <span class='ocrx_word' id='word_1_31' title='bbox 1403 1051 1498 1114; x_wconf 89' lang='lat' dir='ltr'>basis,</span> 
     </span>
     <span class='ocr_line' id='line_1_7' title="bbox 249 1147 1498 1218; baseline -0.001 -14"><span class='ocrx_word' id='word_1_32' title='bbox 249 1150 403 1218; x_wconf 87' lang='lat' dir='ltr'>Bromius,</span> <span class='ocrx_word' id='word_1_33' title='bbox 419 1149 592 1213; x_wconf 61' lang='lat' dir='ltr'>Bacchides</span> <span class='ocrx_word' id='word_1_34' title='bbox 607 1148 763 1217; x_wconf 90' lang='lat' dir='ltr'>byssinus,</span> <span class='ocrx_word' id='word_1_35' title='bbox 776 1147 937 1216; x_wconf 88' lang='lat' dir='ltr'>catalogus,</span> <span class='ocrx_word' id='word_1_36' title='bbox 951 1149 1142 1217; x_wconf 86' lang='lat' dir='ltr'>cataplasma,</span> <span class='ocrx_word' id='word_1_37' title='bbox 1155 1149 1353 1215; x_wconf 87' lang='lat' dir='ltr'>catastrophe,</span> <span class='ocrx_word' id='word_1_38' title='bbox 1366 1149 1498 1217; x_wconf 84' lang='lat' dir='ltr'>chasma,</span> 
     </span>
     <span class='ocr_line' id='line_1_8' title="bbox 248 1245 1498 1315; baseline 0 -14"><span class='ocrx_word' id='word_1_39' title='bbox 248 1246 353 1314; x_wconf 88' lang='lat' dir='ltr'>chelys</span> <span class='ocrx_word' id='word_1_40' title='bbox 380 1246 480 1314; x_wconf 85' lang='lat' dir='ltr'>(lyra),</span> <span class='ocrx_word' id='word_1_41' title='bbox 500 1246 729 1313; x_wconf 80' lang='lat' dir='ltr'>chirographus,</span> <span class='ocrx_word' id='word_1_42' title='bbox 749 1245 900 1315; x_wconf 88' lang='lat' dir='ltr'>chlamys,</span> <span class='ocrx_word' id='word_1_43' title='bbox 919 1245 1087 1309; x_wconf 89' lang='lat' dir='ltr'>choraules,</span> <span class='ocrx_word' id='word_1_44' title='bbox 1107 1245 1379 1315; x_wconf 89' lang='lat' dir='ltr'>chorocytharista,</span> <span class='ocrx_word' id='word_1_45' title='bbox 1397 1246 1498 1313; x_wconf 88' lang='lat' dir='ltr'>dacty-</span> 
     </span>
     <span class='ocr_line' id='line_1_9' title="bbox 250 1342 1499 1413; baseline -0.002 -14"><span class='ocrx_word' id='word_1_46' title='bbox 250 1344 391 1413; x_wconf 82' lang='lat' dir='ltr'>hethaea,</span> <span class='ocrx_word' id='word_1_47' title='bbox 419 1345 558 1408; x_wconf 88' lang='lat' dir='ltr'>daemon,</span> <span class='ocrx_word' id='word_1_48' title='bbox 587 1343 771 1407; x_wconf 86' lang='lat' dir='ltr'>dialecticus,</span> <span class='ocrx_word' id='word_1_49' title='bbox 800 1344 953 1411; x_wconf 86' lang='lat' dir='ltr'>diapente,</span> <span class='ocrx_word' id='word_1_50' title='bbox 981 1342 1126 1410; x_wconf 87' lang='lat' dir='ltr'>diploma,</span> <span class='ocrx_word' id='word_1_51' title='bbox 1145 1343 1256 1412; x_wconf 88' lang='lat' dir='ltr'>discos,</span> <span class='ocrx_word' id='word_1_52' title='bbox 1274 1343 1356 1407; x_wconf 89' lang='lat' dir='ltr'>dius,</span> <span class='ocrx_word' id='word_1_53' title='bbox 1375 1343 1499 1411; x_wconf 81' lang='lat' dir='ltr'>dogma,</span> 
     </span>
     <span class='ocr_line' id='line_1_10' title="bbox 248 1439 1498 1509; baseline -0.002 -13"><span class='ocrx_word' id='word_1_54' title='bbox 248 1442 390 1505; x_wconf 78' lang='lat' dir='ltr'>entheoS,</span> <span class='ocrx_word' id='word_1_55' title='bbox 418 1439 563 1507; x_wconf 85' lang='lat' dir='ltr'>ephebus,</span> <span class='ocrx_word' id='word_1_56' title='bbox 591 1440 729 1509; x_wconf 85' lang='lat' dir='ltr'>epitasis,</span> <span class='ocrx_word' id='word_1_57' title='bbox 756 1441 889 1508; x_wconf 82' lang='lat' dir='ltr'>genesis,</span> <span class='ocrx_word' id='word_1_58' title='bbox 918 1439 1163 1508; x_wconf 82' lang='lat' dir='ltr'>gymnasiarcha‚</span> <span class='ocrx_word' id='word_1_59' title='bbox 1192 1439 1367 1504; x_wconf 90' lang='lat' dir='ltr'>hebdomas,</span> <span class='ocrx_word' id='word_1_60' title='bbox 1397 1440 1498 1507; x_wconf 89' lang='lat' dir='ltr'>heros,</span> 
     </span>
     <span class='ocr_line' id='line_1_11' title="bbox 251 1536 1499 1607; baseline -0.002 -13"><span class='ocrx_word' id='word_1_61' title='bbox 251 1539 398 1603; x_wconf 88' lang='lat' dir='ltr'>heroicos,</span> <span class='ocrx_word' id='word_1_62' title='bbox 436 1537 632 1606; x_wconf 88' lang='lat' dir='ltr'>holosericus,</span> <span class='ocrx_word' id='word_1_63' title='bbox 670 1537 901 1606; x_wconf 89' lang='lat' dir='ltr'>hyacinthinus,</span> <span class='ocrx_word' id='word_1_64' title='bbox 940 1537 1109 1607; x_wconf 78' lang='lat' dir='ltr'>tethergae,</span> <span class='ocrx_word' id='word_1_65' title='bbox 1144 1536 1267 1606; x_wconf 85' lang='lat' dir='ltr'>logicos,</span> <span class='ocrx_word' id='word_1_66' title='bbox 1301 1537 1499 1605; x_wconf 78' lang='lat' dir='ltr'>malagmata,</span> 
     </span>
     <span class='ocr_line' id='line_1_12' title="bbox 252 1634 1499 1713; baseline -0.002 -23"><span class='ocrx_word' id='word_1_67' title='bbox 252 1649 403 1713; x_wconf 82' lang='lat' dir='ltr'>megaera,</span> <span class='ocrx_word' id='word_1_68' title='bbox 432 1634 540 1705; x_wconf 88' lang='lat' dir='ltr'>melos,</span> <span class='ocrx_word' id='word_1_69' title='bbox 569 1636 739 1703; x_wconf 88' lang='lat' dir='ltr'>metanoea,</span> <span class='ocrx_word' id='word_1_70' title='bbox 765 1634 968 1699; x_wconf 90' lang='lat' dir='ltr'>mimallones,</span> <span class='ocrx_word' id='word_1_71' title='bbox 989 1635 1164 1699; x_wconf 89' lang='lat' dir='ltr'>monarcha,</span> <span class='ocrx_word' id='word_1_72' title='bbox 1184 1636 1316 1705; x_wconf 86' lang='lat' dir='ltr'>mystes,</span> <span class='ocrx_word' id='word_1_73' title='bbox 1336 1635 1499 1703; x_wconf 88' lang='lat' dir='ltr'>mysticus,</span> 
     </span>
     <span class='ocr_line' id='line_1_13' title="bbox 252 1731 1499 1801; baseline -0.002 -14"><span class='ocrx_word' id='word_1_74' title='bbox 252 1733 448 1801; x_wconf 87' lang='lat' dir='ltr'>mysterium,</span> <span class='ocrx_word' id='word_1_75' title='bbox 468 1732 609 1799; x_wconf 90' lang='lat' dir='ltr'>mythus,</span> <span class='ocrx_word' id='word_1_76' title='bbox 630 1731 774 1801; x_wconf 90' lang='lat' dir='ltr'>nemesis,</span> <span class='ocrx_word' id='word_1_77' title='bbox 793 1732 961 1796; x_wconf 89' lang='lat' dir='ltr'>numisma,</span> <span class='ocrx_word' id='word_1_78' title='bbox 981 1745 1175 1796; x_wconf 87' lang='lat' dir='ltr'>oeconomus,</span> <span class='ocrx_word' id='word_1_79' title='bbox 1195 1732 1312 1800; x_wconf 89' lang='lat' dir='ltr'>peplus,</span> <span class='ocrx_word' id='word_1_80' title='bbox 1330 1744 1413 1799; x_wconf 86' lang='lat' dir='ltr'>pera,</span> <span class='ocrx_word' id='word_1_81' title='bbox 1427 1732 1499 1798; x_wconf 88' lang='lat' dir='ltr'>peri·</span> 
     </span>
     <span class='ocr_line' id='line_1_14' title="bbox 249 1827 1499 1897; baseline -0.002 -14"><span class='ocrx_word' id='word_1_82' title='bbox 249 1830 414 1897; x_wconf 89' lang='lat' dir='ltr'>stromata,</span> <span class='ocrx_word' id='word_1_83' title='bbox 441 1830 538 1896; x_wconf 90' lang='lat' dir='ltr'>petra,</span> <span class='ocrx_word' id='word_1_84' title='bbox 557 1828 754 1896; x_wconf 86' lang='lat' dir='ltr'>philargyria,</span> <span class='ocrx_word' id='word_1_85' title='bbox 776 1828 907 1895; x_wconf 88' lang='lat' dir='ltr'>phrasis,</span> <span class='ocrx_word' id='word_1_86' title='bbox 928 1827 1056 1894; x_wconf 88' lang='lat' dir='ltr'>plasma,</span> <span class='ocrx_word' id='word_1_87' title='bbox 1076 1828 1201 1897; x_wconf 83' lang='lat' dir='ltr'>plastes,</span> <span class='ocrx_word' id='word_1_88' title='bbox 1220 1828 1342 1897; x_wconf 88' lang='lat' dir='ltr'>Plutus,</span> <span class='ocrx_word' id='word_1_89' title='bbox 1361 1841 1499 1896; x_wconf 81' lang='lat' dir='ltr'>pragma,</span> 
     </span>
     <span class='ocr_line' id='line_1_15' title="bbox 253 1925 1500 1995; baseline -0.001 -15"><span class='ocrx_word' id='word_1_90' title='bbox 253 1927 394 1995; x_wconf 87' lang='lat' dir='ltr'>protasis,</span> <span class='ocrx_word' id='word_1_91' title='bbox 421 1927 611 1993; x_wconf 88' lang='lat' dir='ltr'>prototypos,</span> <span class='ocrx_word' id='word_1_92' title='bbox 637 1926 814 1993; x_wconf 87' lang='lat' dir='ltr'>proxeneta,</span> <span class='ocrx_word' id='word_1_93' title='bbox 841 1925 978 1992; x_wconf 86' lang='lat' dir='ltr'>psallere,</span> <span class='ocrx_word' id='word_1_94' title='bbox 1004 1925 1195 1995; x_wconf 88' lang='lat' dir='ltr'>psalterium,</span> <span class='ocrx_word' id='word_1_95' title='bbox 1218 1925 1343 1995; x_wconf 84' lang='lat' dir='ltr'>psaltes,</span> <span class='ocrx_word' id='word_1_96' title='bbox 1362 1925 1500 1993; x_wconf 90' lang='lat' dir='ltr'>schema,</span> 
     </span>
    </p>
   </div>
   <div class='ocr_carea' id='block_1_5' title="bbox 174 2021 1500 2092">
    <p class='ocr_par' dir='ltr' id='par_1_5' title="bbox 174 2021 1500 2092">
     <span class='ocr_line' id='line_1_16' title="bbox 174 2021 1500 2092; baseline -0.002 -14"><span class='ocrx_word' id='word_1_97' title='bbox 174 2022 179 2031; x_wconf 85' lang='lat'>&#39;</span> <span class='ocrx_word' id='word_1_98' title='bbox 250 2023 461 2092; x_wconf 90' lang='lat' dir='ltr'>scholasticus,</span> <span class='ocrx_word' id='word_1_99' title='bbox 492 2022 629 2090; x_wconf 88' lang='lat' dir='ltr'>sphaera,</span> <span class='ocrx_word' id='word_1_100' title='bbox 659 2021 919 2090; x_wconf 83' lang='lat' dir='ltr'>sphaeristerium,</span> <span class='ocrx_word' id='word_1_101' title='bbox 948 2024 1092 2087; x_wconf 89' lang='lat' dir='ltr'>stemma,</span> <span class='ocrx_word' id='word_1_102' title='bbox 1120 2023 1309 2087; x_wconf 90' lang='lat' dir='ltr'>stomachus,</span> <span class='ocrx_word' id='word_1_103' title='bbox 1337 2023 1500 2089; x_wconf 89' lang='lat' dir='ltr'>stromata,</span> 
     </span>
    </p>
   </div>
   <div class='ocr_carea' id='block_1_6' title="bbox 250 2119 898 2188">
    <p class='ocr_par' dir='ltr' id='par_1_6' title="bbox 250 2119 898 2188">
     <span class='ocr_line' id='line_1_17' title="bbox 250 2119 898 2188; baseline -0.008 -14"><span class='ocrx_word' id='word_1_104' title='bbox 250 2134 370 2188; x_wconf 90' lang='lat' dir='ltr'>syrma,</span> <span class='ocrx_word' id='word_1_105' title='bbox 390 2119 560 2182; x_wconf 89' lang='lat' dir='ltr'>technicus,</span> <span class='ocrx_word' id='word_1_106' title='bbox 579 2121 699 2186; x_wconf 91' lang='lat' dir='ltr'>tropus,</span> <span class='ocrx_word' id='word_1_107' title='bbox 719 2119 898 2187; x_wconf 88' lang='lat' dir='ltr'>thymiama.</span> 
     </span>
    </p>
   </div>
   <div class='ocr_carea' id='block_1_7' title="bbox 253 2242 1502 2554">
    <p class='ocr_par' dir='ltr' id='par_1_7' title="bbox 253 2242 1502 2554">
     <span class='ocr_line' id='line_1_18' title="bbox 298 2242 1502 2325; baseline -0.001 -19"><span class='ocrx_word' id='word_1_108' title='bbox 298 2243 336 2306; x_wconf 89' lang='lat' dir='ltr'>In</span> <span class='ocrx_word' id='word_1_109' title='bbox 367 2243 408 2307; x_wconf 93' lang='lat' dir='ltr'>iis</span> <span class='ocrx_word' id='word_1_110' title='bbox 439 2242 578 2325; x_wconf 84' lang='lat' dir='ltr'>fabulis,</span> <span class='ocrx_word' id='word_1_111' title='bbox 612 2259 698 2321; x_wconf 88' lang='lat' dir='ltr'>quae</span> <span class='ocrx_word' id='word_1_112' title='bbox 730 2242 888 2306; x_wconf 87' lang='lat' dir='ltr'>dramata</span> <span class='ocrx_word' id='word_1_113' title='bbox 918 2259 1016 2307; x_wconf 90' lang='lat' dir='ltr'>sacra</span> <span class='ocrx_word' id='word_1_114' title='bbox 1048 2244 1216 2307; x_wconf 90' lang='lat' dir='ltr'>vocantur</span> <span class='ocrx_word' id='word_1_115' title='bbox 1247 2242 1355 2306; x_wconf 89' lang='lat' dir='ltr'>multa</span> <span class='ocrx_word' id='word_1_116' title='bbox 1379 2258 1502 2323; x_wconf 87' lang='lat' dir='ltr'>graeca</span> 
     </span>
     <span class='ocr_line' id='line_1_19' title="bbox 253 2357 1501 2439; baseline -0.002 -16"><span class='ocrx_word' id='word_1_117' title='bbox 253 2358 419 2424; x_wconf 87' lang='lat' dir='ltr'>vocabula</span> <span class='ocrx_word' id='word_1_118' title='bbox 441 2358 634 2422; x_wconf 86' lang='lat' dir='ltr'>invenimus</span> <span class='ocrx_word' id='word_1_119' title='bbox 659 2374 745 2437; x_wconf 87' lang='lat' dir='ltr'>quae</span> <span class='ocrx_word' id='word_1_120' title='bbox 768 2358 928 2438; x_wconf 81' lang='lat' dir='ltr'>leguntur</span> <span class='ocrx_word' id='word_1_121' title='bbox 944 2359 976 2421; x_wconf 92' lang='lat' dir='ltr'>in</span> <span class='ocrx_word' id='word_1_122' title='bbox 993 2357 1142 2439; x_wconf 83' lang='lat' dir='ltr'>Vulgata</span> <span class='ocrx_word' id='word_1_123' title='bbox 1159 2363 1196 2422; x_wconf 91' lang='lat' dir='ltr'>et</span> <span class='ocrx_word' id='word_1_124' title='bbox 1211 2358 1300 2439; x_wconf 88' lang='lat' dir='ltr'>apud</span> <span class='ocrx_word' id='word_1_125' title='bbox 1317 2359 1501 2439; x_wconf 88' lang='lat' dir='ltr'>scriptores</span> 
     </span>
     <span class='ocr_line' id='line_1_20' title="bbox 253 2473 1500 2554; baseline 0 -16"><span class='ocrx_word' id='word_1_126' title='bbox 253 2474 526 2554; x_wconf 84' lang='lat' dir='ltr'>Ecclesiasticos,</span> <span class='ocrx_word' id='word_1_127' title='bbox 555 2473 734 2554; x_wconf 90' lang='lat' dir='ltr'>praecipue</span> <span class='ocrx_word' id='word_1_128' title='bbox 759 2473 1013 2538; x_wconf 87' lang='lat' dir='ltr'>Tertullianum.</span> <span class='ocrx_word' id='word_1_129' title='bbox 1061 2473 1086 2537; x_wconf 87' lang='lat' dir='ltr'><strong>E</strong></span> <span class='ocrx_word' id='word_1_130' title='bbox 1111 2475 1233 2553; x_wconf 87' lang='lat' dir='ltr'>quibus</span> <span class='ocrx_word' id='word_1_131' title='bbox 1257 2474 1375 2539; x_wconf 88' lang='lat' dir='ltr'>notavi</span> <span class='ocrx_word' id='word_1_132' title='bbox 1399 2475 1500 2539; x_wconf 88' lang='lat' dir='ltr'>haec:</span> 
     </span>
    </p>
   </div>
   <div class='ocr_carea' id='block_1_8' title="bbox 252 2618 1503 3566">
    <p class='ocr_par' dir='ltr' id='par_1_8' title="bbox 252 2618 1503 3566">
     <span class='ocr_line' id='line_1_21' title="bbox 291 2618 1502 2688; baseline 0 -15"><span class='ocrx_word' id='word_1_133' title='bbox 291 2619 485 2688; x_wconf 90' lang='lat' dir='ltr'>Allophylus,</span> <span class='ocrx_word' id='word_1_134' title='bbox 517 2619 681 2681; x_wconf 82' lang='lat' dir='ltr'>anastasis,</span> <span class='ocrx_word' id='word_1_135' title='bbox 709 2618 848 2686; x_wconf 81' lang='lat' dir='ltr'>angelus,</span> <span class='ocrx_word' id='word_1_136' title='bbox 876 2619 1097 2687; x_wconf 82' lang='lat' dir='ltr'>antagonistas,</span> <span class='ocrx_word' id='word_1_137' title='bbox 1125 2619 1309 2688; x_wconf 65' lang='lat' dir='ltr'>antiphona,</span> <span class='ocrx_word' id='word_1_138' title='bbox 1337 2620 1502 2688; x_wconf 89' lang='lat' dir='ltr'>apostolos,</span> 
     </span>
     <span class='ocr_line' id='line_1_22' title="bbox 254 2720 1502 2790; baseline 0.002 -15"><span class='ocrx_word' id='word_1_139' title='bbox 254 2721 376 2788; x_wconf 87' lang='lat' dir='ltr'>atheus,</span> <span class='ocrx_word' id='word_1_140' title='bbox 404 2721 531 2784; x_wconf 88' lang='lat' dir='ltr'>azimos,</span> <span class='ocrx_word' id='word_1_141' title='bbox 560 2720 723 2788; x_wconf 89' lang='lat' dir='ltr'>baptisma,</span> <span class='ocrx_word' id='word_1_142' title='bbox 751 2722 903 2790; x_wconf 84' lang='lat' dir='ltr'>caumata,</span> <span class='ocrx_word' id='word_1_143' title='bbox 932 2720 1077 2784; x_wconf 89' lang='lat' dir='ltr'>chrisma,</span> <span class='ocrx_word' id='word_1_144' title='bbox 1105 2720 1303 2789; x_wconf 89' lang='lat' dir='ltr'>chytropodes</span> <span class='ocrx_word' id='word_1_145' title='bbox 1332 2723 1429 2786; x_wconf 87' lang='lat' dir='ltr'>(Asot.</span> <span class='ocrx_word' id='word_1_146' title='bbox 1449 2723 1502 2777; x_wconf 84' lang='lat'>510</span> 
     </span>
     <span class='ocr_line' id='line_1_23' title="bbox 252 2816 1501 2886; baseline -0.001 -14"><span class='ocrx_word' id='word_1_147' title='bbox 252 2818 458 2886; x_wconf 85' lang='lat' dir='ltr'>Chytropodes</span> <span class='ocrx_word' id='word_1_148' title='bbox 486 2817 631 2872; x_wconf 85' lang='lat' dir='ltr'>exhalant</span> <span class='ocrx_word' id='word_1_149' title='bbox 658 2816 730 2871; x_wconf 84' lang='lat' dir='ltr'>iocis</span> <span class='ocrx_word' id='word_1_150' title='bbox 759 2817 827 2871; x_wconf 89' lang='lat' dir='ltr'>Hec.</span> <span class='ocrx_word' id='word_1_151' title='bbox 858 2816 909 2871; x_wconf 83' lang='lat'>137</span> <span class='ocrx_word' id='word_1_152' title='bbox 936 2817 1034 2872; x_wconf 90' lang='lat' dir='ltr'>calent</span> <span class='ocrx_word' id='word_1_153' title='bbox 1059 2817 1156 2873; x_wconf 92' lang='lat' dir='ltr'>adhuc</span> <span class='ocrx_word' id='word_1_154' title='bbox 1181 2817 1294 2882; x_wconf 84' lang='lat' dir='ltr'>Verua,</span> <span class='ocrx_word' id='word_1_155' title='bbox 1313 2818 1412 2873; x_wconf 91' lang='lat' dir='ltr'>calent</span> <span class='ocrx_word' id='word_1_156' title='bbox 1430 2818 1501 2882; x_wconf 86' lang='lat' dir='ltr'>foci,</span> 
     </span>
     <span class='ocr_line' id='line_1_24' title="bbox 253 2914 1501 2982; baseline -0.001 -13"><span class='ocrx_word' id='word_1_157' title='bbox 253 2914 409 2982; x_wconf 81' lang='lat' dir='ltr'>celantque</span> <span class='ocrx_word' id='word_1_158' title='bbox 436 2914 646 2982; x_wconf 84' lang='lat' dir='ltr'>chytropodes)</span> <span class='ocrx_word' id='word_1_159' title='bbox 673 2914 894 2978; x_wconf 87' lang='lat' dir='ltr'>coemiterium,</span> <span class='ocrx_word' id='word_1_160' title='bbox 922 2915 1129 2978; x_wconf 90' lang='lat' dir='ltr'>daemonium,</span> <span class='ocrx_word' id='word_1_161' title='bbox 1157 2914 1305 2979; x_wconf 91' lang='lat' dir='ltr'>diabolus,</span> <span class='ocrx_word' id='word_1_162' title='bbox 1324 2914 1501 2981; x_wconf 82' lang='lat' dir='ltr'>diabolicus,</span> 
     </span>
     <span class='ocr_line' id='line_1_25' title="bbox 255 3011 1501 3081; baseline -0.001 -15"><span class='ocrx_word' id='word_1_163' title='bbox 255 3011 389 3075; x_wconf 90' lang='lat' dir='ltr'>ecclesia,</span> <span class='ocrx_word' id='word_1_164' title='bbox 417 3011 556 3075; x_wconf 88' lang='lat' dir='ltr'>ecstasis,</span> <span class='ocrx_word' id='word_1_165' title='bbox 584 3011 787 3080; x_wconf 84' lang='lat' dir='ltr'>eleemosyna,</span> <span class='ocrx_word' id='word_1_166' title='bbox 815 3025 949 3072; x_wconf 89' lang='lat' dir='ltr'>eremus,</span> <span class='ocrx_word' id='word_1_167' title='bbox 977 3012 1131 3076; x_wconf 87' lang='lat' dir='ltr'>ethnicus,</span> <span class='ocrx_word' id='word_1_168' title='bbox 1160 3012 1383 3081; x_wconf 91' lang='lat' dir='ltr'>holocaustum,</span> <span class='ocrx_word' id='word_1_169' title='bbox 1412 3012 1501 3080; x_wconf 92' lang='lat' dir='ltr'>hypo-</span> 
     </span>
     <span class='ocr_line' id='line_1_26' title="bbox 253 3107 1502 3179; baseline -0.001 -15"><span class='ocrx_word' id='word_1_170' title='bbox 253 3108 359 3177; x_wconf 81' lang='lat' dir='ltr'>critae,</span> <span class='ocrx_word' id='word_1_171' title='bbox 394 3108 574 3177; x_wconf 87' lang='lat' dir='ltr'>hypocrisis,</span> <span class='ocrx_word' id='word_1_172' title='bbox 609 3108 797 3176; x_wconf 85' lang='lat' dir='ltr'>hypostasis,</span> <span class='ocrx_word' id='word_1_173' title='bbox 829 3107 1014 3179; x_wconf 86' lang='lat' dir='ltr'>idololatras,</span> <span class='ocrx_word' id='word_1_174' title='bbox 1050 3109 1181 3179; x_wconf 90' lang='lat' dir='ltr'>martyr,</span> <span class='ocrx_word' id='word_1_175' title='bbox 1213 3108 1343 3177; x_wconf 89' lang='lat' dir='ltr'>mechia,</span> <span class='ocrx_word' id='word_1_176' title='bbox 1373 3110 1502 3176; x_wconf 82' lang='lat' dir='ltr'>palatae,</span> 
     </span>
     <span class='ocr_line' id='line_1_27' title="bbox 256 3205 1503 3276; baseline 0.002 -17"><span class='ocrx_word' id='word_1_177' title='bbox 256 3205 406 3273; x_wconf 89' lang='lat' dir='ltr'>parabola,</span> <span class='ocrx_word' id='word_1_178' title='bbox 433 3205 614 3275; x_wconf 86' lang='lat' dir='ltr'>paracletus,</span> <span class='ocrx_word' id='word_1_179' title='bbox 639 3207 824 3275; x_wconf 87' lang='lat' dir='ltr'>paradigma,</span> <span class='ocrx_word' id='word_1_180' title='bbox 845 3206 1086 3274; x_wconf 89' lang='lat' dir='ltr'>paranymphus,</span> <span class='ocrx_word' id='word_1_181' title='bbox 1106 3207 1287 3276; x_wconf 88' lang='lat' dir='ltr'>peripsema,</span> <span class='ocrx_word' id='word_1_182' title='bbox 1307 3208 1503 3275; x_wconf 88' lang='lat' dir='ltr'>phantasma,</span> 
     </span>
     <span class='ocr_line' id='line_1_28' title="bbox 256 3302 1503 3372; baseline 0.001 -15"><span class='ocrx_word' id='word_1_183' title='bbox 256 3303 413 3371; x_wconf 89' lang='lat' dir='ltr'>propheta,</span> <span class='ocrx_word' id='word_1_184' title='bbox 442 3303 625 3372; x_wconf 87' lang='lat' dir='ltr'>prophetice,</span> <span class='ocrx_word' id='word_1_185' title='bbox 646 3302 848 3370; x_wconf 85' lang='lat' dir='ltr'>protoplastus</span> <span class='ocrx_word' id='word_1_186' title='bbox 866 3304 912 3370; x_wconf 91' lang='lat'>(:</span> <span class='ocrx_word' id='word_1_187' title='bbox 933 3304 1048 3370; x_wconf 91' lang='lat' dir='ltr'>primus</span> <span class='ocrx_word' id='word_1_188' title='bbox 1067 3303 1171 3372; x_wconf 92' lang='lat' dir='ltr'>homo,</span> <span class='ocrx_word' id='word_1_189' title='bbox 1191 3304 1304 3371; x_wconf 88' lang='lat' dir='ltr'>passim</span> <span class='ocrx_word' id='word_1_190' title='bbox 1322 3304 1355 3358; x_wconf 91' lang='lat' dir='ltr'>in</span> <span class='ocrx_word' id='word_1_191' title='bbox 1374 3305 1503 3370; x_wconf 89' lang='lat' dir='ltr'>Adamo)</span> 
     </span>
     <span class='ocr_line' id='line_1_29' title="bbox 253 3399 1503 3471; baseline 0.002 -18"><span class='ocrx_word' id='word_1_192' title='bbox 253 3401 436 3468; x_wconf 85' lang='lat' dir='ltr'>scommata,</span> <span class='ocrx_word' id='word_1_193' title='bbox 457 3399 622 3467; x_wconf 86' lang='lat' dir='ltr'>sitarchiis,</span> <span class='ocrx_word' id='word_1_194' title='bbox 641 3401 781 3469; x_wconf 74' lang='lat' dir='ltr'>eynarde,</span> <span class='ocrx_word' id='word_1_195' title='bbox 801 3400 976 3468; x_wconf 87' lang='lat' dir='ltr'>synedrion,</span> <span class='ocrx_word' id='word_1_196' title='bbox 995 3401 1103 3469; x_wconf 88' lang='lat' dir='ltr'>typus,</span> <span class='ocrx_word' id='word_1_197' title='bbox 1122 3401 1254 3471; x_wconf 90' lang='lat' dir='ltr'>typicos,</span> <span class='ocrx_word' id='word_1_198' title='bbox 1267 3401 1362 3470; x_wconf 89' lang='lat' dir='ltr'>zelus,</span> <span class='ocrx_word' id='word_1_199' title='bbox 1376 3401 1503 3465; x_wconf 86' lang='lat' dir='ltr'>zelatus,</span> 
     </span>
     <span class='ocr_line' id='line_1_30' title="bbox 255 3496 1364 3566; baseline 0 -16"><span class='ocrx_word' id='word_1_200' title='bbox 255 3496 377 3551; x_wconf 78' lang='lat' dir='ltr'>zimniis</span> <span class='ocrx_word' id='word_1_201' title='bbox 396 3498 500 3565; x_wconf 83' lang='lat' dir='ltr'>(Andr.</span> <span class='ocrx_word' id='word_1_202' title='bbox 520 3498 555 3553; x_wconf 88' lang='grc'>63</span> <span class='ocrx_word' id='word_1_203' title='bbox 574 3497 604 3552; x_wconf 85' lang='lat' dir='ltr'>Si</span> <span class='ocrx_word' id='word_1_204' title='bbox 623 3497 659 3552; x_wconf 91' lang='lat' dir='ltr'>ab</span> <span class='ocrx_word' id='word_1_205' title='bbox 679 3498 780 3552; x_wconf 90' lang='lat' dir='ltr'>insitis</span> <span class='ocrx_word' id='word_1_206' title='bbox 799 3498 898 3564; x_wconf 86' lang='lat' dir='ltr'>fruges</span> <span class='ocrx_word' id='word_1_207' title='bbox 917 3512 1011 3553; x_wconf 87' lang='lat' dir='ltr'>novas</span> <span class='ocrx_word' id='word_1_208' title='bbox 1030 3498 1151 3553; x_wconf 88' lang='lat' dir='ltr'>zizaniis</span> <span class='ocrx_word' id='word_1_209' title='bbox 1170 3498 1364 3566; x_wconf 80' lang='lat' dir='ltr'>Purgaverit).</span> 
     </span>
    </p>
   </div>
   <div class='ocr_carea' id='block_1_9' title="bbox 256 3622 1503 3802">
    <p class='ocr_par' dir='ltr' id='par_1_9' title="bbox 256 3622 1503 3802">
     <span class='ocr_line' id='line_1_31' title="bbox 301 3622 1503 3704; baseline 0.002 -20"><span class='ocrx_word' id='word_1_210' title='bbox 301 3623 374 3686; x_wconf 92' lang='lat' dir='ltr'>Aut</span> <span class='ocrx_word' id='word_1_211' title='bbox 406 3622 544 3686; x_wconf 91' lang='lat' dir='ltr'>omnino</span> <span class='ocrx_word' id='word_1_212' title='bbox 567 3638 635 3686; x_wconf 91' lang='lat' dir='ltr'>non</span> <span class='ocrx_word' id='word_1_213' title='bbox 659 3625 721 3686; x_wconf 90' lang='lat' dir='ltr'>aut</span> <span class='ocrx_word' id='word_1_214' title='bbox 744 3639 881 3702; x_wconf 86' lang='lat' dir='ltr'>perraro</span> <span class='ocrx_word' id='word_1_215' title='bbox 905 3622 994 3704; x_wconf 89' lang='lat' dir='ltr'>apud</span> <span class='ocrx_word' id='word_1_216' title='bbox 1019 3623 1179 3703; x_wconf 86' lang='lat' dir='ltr'>antiquos</span> <span class='ocrx_word' id='word_1_217' title='bbox 1202 3622 1387 3703; x_wconf 88' lang='lat' dir='ltr'>scriptores</span> <span class='ocrx_word' id='word_1_218' title='bbox 1409 3622 1503 3686; x_wconf 89' lang='lat' dir='ltr'>inve-</span> 
     </span>
     <span class='ocr_line' id='line_1_32' title="bbox 256 3736 521 3802; baseline 0 0"><span class='ocrx_word' id='word_1_219' title='bbox 256 3737 399 3802; x_wconf 89' lang='lat' dir='ltr'>niuntur</span> <span class='ocrx_word' id='word_1_220' title='bbox 421 3736 521 3802; x_wconf 90' lang='lat' dir='ltr'>haec:</span> 
     </span>
    </p>
   </div>
   <div class='ocr_carea' id='block_1_10' title="bbox 254 3877 1505 4240">
    <p class='ocr_par' dir='ltr' id='par_1_10' title="bbox 254 3877 1505 4240">
     <span class='ocr_line' id='line_1_33' title="bbox 293 3877 1505 3949; baseline 0 -17"><span class='ocrx_word' id='word_1_221' title='bbox 293 3878 417 3947; x_wconf 79' lang='lat' dir='ltr'>acedia,</span> <span class='ocrx_word' id='word_1_222' title='bbox 446 3878 564 3948; x_wconf 89' lang='lat' dir='ltr'>acrisia,</span> <span class='ocrx_word' id='word_1_223' title='bbox 592 3879 741 3932; x_wconf 90' lang='lat' dir='ltr'>artocreae</span> <span class='ocrx_word' id='word_1_224' title='bbox 769 3878 878 3945; x_wconf 86' lang='lat' dir='ltr'>(Semel</span> <span class='ocrx_word' id='word_1_225' title='bbox 906 3880 984 3946; x_wconf 90' lang='lat' dir='ltr'>apud</span> <span class='ocrx_word' id='word_1_226' title='bbox 1013 3879 1165 3949; x_wconf 90' lang='lat' dir='ltr'>Persium,</span> <span class='ocrx_word' id='word_1_227' title='bbox 1193 3879 1290 3934; x_wconf 88' lang='lat' dir='ltr'>neutr.</span> <span class='ocrx_word' id='word_1_228' title='bbox 1317 3878 1393 3946; x_wconf 79' lang='lat' dir='ltr'>sing.</span> <span class='ocrx_word' id='word_1_229' title='bbox 1418 3877 1450 3942; x_wconf 88' lang='grc'>6,</span> <span class='ocrx_word' id='word_1_230' title='bbox 1469 3879 1505 3932; x_wconf 75' lang='grc'>110</span> 
     </span>
     <span class='ocr_line' id='line_1_34' title="bbox 254 3973 1504 4045; baseline -0.002 -16"><span class='ocrx_word' id='word_1_231' title='bbox 254 3974 356 4030; x_wconf 90' lang='lat' dir='ltr'>oleum</span> <span class='ocrx_word' id='word_1_232' title='bbox 383 3977 590 4042; x_wconf 87' lang='lat' dir='ltr'>artocreasque</span> <span class='ocrx_word' id='word_1_233' title='bbox 619 3975 732 4043; x_wconf 91' lang='lat' dir='ltr'>popello</span> <span class='ocrx_word' id='word_1_234' title='bbox 760 3974 879 4043; x_wconf 83' lang='lat' dir='ltr'>largior)</span> <span class='ocrx_word' id='word_1_235' title='bbox 907 3977 995 4044; x_wconf 85' lang='lat' dir='ltr'>Apud</span> <span class='ocrx_word' id='word_1_236' title='bbox 1024 3977 1162 4031; x_wconf 88' lang='lat' dir='ltr'>nostrum</span> <span class='ocrx_word' id='word_1_237' title='bbox 1191 3974 1259 4030; x_wconf 84' lang='lat' dir='ltr'>fem.</span> <span class='ocrx_word' id='word_1_238' title='bbox 1290 3974 1365 4045; x_wconf 91' lang='lat' dir='ltr'>plur.</span> <span class='ocrx_word' id='word_1_239' title='bbox 1395 3973 1441 4029; x_wconf 90' lang='lat' dir='ltr'>Al.</span> <span class='ocrx_word' id='word_1_240' title='bbox 1470 3975 1504 4028; x_wconf 82' lang='lat'>41</span> 
     </span>
     <span class='ocr_line' id='line_1_35' title="bbox 254 4071 1505 4143; baseline 0.001 -17"><span class='ocrx_word' id='word_1_241' title='bbox 254 4071 398 4127; x_wconf 85' lang='lat' dir='ltr'>delicatae</span> <span class='ocrx_word' id='word_1_242' title='bbox 426 4075 590 4137; x_wconf 89' lang='lat' dir='ltr'>artocreae,</span> <span class='ocrx_word' id='word_1_243' title='bbox 618 4073 696 4127; x_wconf 87' lang='lat' dir='ltr'>Patr.</span> <span class='ocrx_word' id='word_1_244' title='bbox 723 4073 776 4128; x_wconf 83' lang='lat'>936</span> <span class='ocrx_word' id='word_1_245' title='bbox 803 4087 872 4128; x_wconf 90' lang='lat' dir='ltr'>cum</span> <span class='ocrx_word' id='word_1_246' title='bbox 900 4075 1047 4128; x_wconf 88' lang='lat' dir='ltr'>artocreas</span> <span class='ocrx_word' id='word_1_247' title='bbox 1075 4072 1165 4128; x_wconf 83' lang='lat' dir='ltr'>ferret</span> <span class='ocrx_word' id='word_1_248' title='bbox 1193 4073 1347 4143; x_wconf 82' lang='lat' dir='ltr'>minister,</span> <span class='ocrx_word' id='word_1_249' title='bbox 1366 4073 1432 4129; x_wconf 87' lang='lat' dir='ltr'>Laz.</span> <span class='ocrx_word' id='word_1_250' title='bbox 1451 4072 1505 4127; x_wconf 77' lang='lat'>537</span> 
     </span>
     <span class='ocr_line' id='line_1_36' title="bbox 257 4168 1505 4240; baseline 0 -16"><span class='ocrx_word' id='word_1_251' title='bbox 257 4168 373 4224; x_wconf 87' lang='lat' dir='ltr'>Divites</span> <span class='ocrx_word' id='word_1_252' title='bbox 392 4184 452 4225; x_wconf 91' lang='lat' dir='ltr'>non</span> <span class='ocrx_word' id='word_1_253' title='bbox 471 4169 641 4238; x_wconf 83' lang='lat' dir='ltr'>largiuntur</span> <span class='ocrx_word' id='word_1_254' title='bbox 659 4171 807 4226; x_wconf 89' lang='lat' dir='ltr'>artocreas</span> <span class='ocrx_word' id='word_1_255' title='bbox 825 4170 970 4238; x_wconf 81' lang='lat' dir='ltr'>integras)</span> <span class='ocrx_word' id='word_1_256' title='bbox 990 4171 1141 4240; x_wconf 88' lang='lat' dir='ltr'>Asoticos,</span> <span class='ocrx_word' id='word_1_257' title='bbox 1161 4169 1288 4239; x_wconf 89' lang='lat' dir='ltr'>biblion,</span> <span class='ocrx_word' id='word_1_258' title='bbox 1306 4169 1505 4233; x_wconf 90' lang='lat' dir='ltr'>bomolochia,</span> 
     </span>
    </p>
   </div>
   <div class='ocr_carea' id='block_1_11' title="bbox 255 4430 1507 4681">
    <p class='ocr_par' dir='ltr' id='par_1_11' title="bbox 255 4430 1507 4681">
     <span class='ocr_line' id='line_1_37' title="bbox 297 4430 1506 4502; baseline 0.003 -17"><span class='ocrx_word' id='word_1_259' title='bbox 297 4430 317 4497; x_wconf 90' lang='lat'>¹)</span> <span class='ocrx_word' id='word_1_260' title='bbox 337 4431 393 4486; x_wconf 91' lang='lat' dir='ltr'>Pro</span> <span class='ocrx_word' id='word_1_261' title='bbox 405 4432 548 4501; x_wconf 68' lang='lat' dir='ltr'>sarabela,</span> <span class='ocrx_word' id='word_1_262' title='bbox 561 4446 651 4487; x_wconf 89' lang='lat' dir='ltr'>coena</span> <span class='ocrx_word' id='word_1_263' title='bbox 663 4433 872 4488; x_wconf 86' lang='lat' dir='ltr'>communibus</span> <span class='ocrx_word' id='word_1_264' title='bbox 885 4433 1057 4502; x_wconf 88' lang='lat' dir='ltr'>sumptibus</span> <span class='ocrx_word' id='word_1_265' title='bbox 1070 4436 1173 4502; x_wconf 89' lang='lat' dir='ltr'>parata</span> <span class='ocrx_word' id='word_1_266' title='bbox 1185 4434 1222 4488; x_wconf 86' lang='lat' dir='ltr'>M.</span> <span class='ocrx_word' id='word_1_267' title='bbox 1237 4433 1326 4488; x_wconf 90' lang='lat' dir='ltr'>habet</span> <span class='ocrx_word' id='word_1_268' title='bbox 1338 4433 1506 4502; x_wconf 77' lang='lat' dir='ltr'>symbolum.</span> 
     </span>
     <span class='ocr_line' id='line_1_38' title="bbox 258 4518 1507 4592; baseline 0 -18"><span class='ocrx_word' id='word_1_269' title='bbox 258 4518 352 4575; x_wconf 88' lang='lat' dir='ltr'>Andr.</span> <span class='ocrx_word' id='word_1_270' title='bbox 381 4519 433 4576; x_wconf 83' lang='lat'>766</span> <span class='ocrx_word' id='word_1_271' title='bbox 461 4534 499 4575; x_wconf 91' lang='lat' dir='ltr'>ue</span> <span class='ocrx_word' id='word_1_272' title='bbox 528 4521 615 4576; x_wconf 90' lang='lat' dir='ltr'>modo</span> <span class='ocrx_word' id='word_1_273' title='bbox 640 4521 772 4588; x_wconf 89' lang='lat' dir='ltr'>quolibet</span> <span class='ocrx_word' id='word_1_274' title='bbox 795 4525 845 4577; x_wconf 89' lang='lat' dir='ltr'>eat</span> <span class='ocrx_word' id='word_1_275' title='bbox 869 4525 906 4578; x_wconf 88' lang='lat' dir='ltr'>ad</span> <span class='ocrx_word' id='word_1_276' title='bbox 924 4523 1090 4592; x_wconf 76' lang='lat' dir='ltr'>symbolum.</span> <span class='ocrx_word' id='word_1_277' title='bbox 1130 4522 1197 4578; x_wconf 90' lang='lat' dir='ltr'>Alio</span> <span class='ocrx_word' id='word_1_278' title='bbox 1216 4536 1309 4578; x_wconf 90' lang='lat' dir='ltr'>sensu</span> <span class='ocrx_word' id='word_1_279' title='bbox 1326 4523 1370 4590; x_wconf 76' lang='grc' dir='ltr'>(ε</span> <span class='ocrx_word' id='word_1_280' title='bbox 1392 4522 1507 4590; x_wconf 82' lang='lat' dir='ltr'>imago,</span> 
     </span>
     <span class='ocr_line' id='line_1_39' title="bbox 255 4607 1394 4681; baseline 0 -19"><span class='ocrx_word' id='word_1_281' title='bbox 255 4607 392 4676; x_wconf 81' lang='lat' dir='ltr'>signum)</span> <span class='ocrx_word' id='word_1_282' title='bbox 411 4609 466 4664; x_wconf 87' lang='lat' dir='ltr'>Ad.</span> <span class='ocrx_word' id='word_1_283' title='bbox 486 4608 558 4664; x_wconf 83' lang='lat'>1880</span> <span class='ocrx_word' id='word_1_284' title='bbox 575 4610 717 4681; x_wconf 83' lang='lat' dir='ltr'>symbola,</span> <span class='ocrx_word' id='word_1_285' title='bbox 737 4611 848 4678; x_wconf 84' lang='lat' dir='ltr'>Quibus</span> <span class='ocrx_word' id='word_1_286' title='bbox 867 4613 899 4667; x_wconf 93' lang='lat' dir='ltr'>in</span> <span class='ocrx_word' id='word_1_287' title='bbox 917 4612 980 4667; x_wconf 88' lang='lat' dir='ltr'>dies</span> <span class='ocrx_word' id='word_1_288' title='bbox 998 4612 1206 4668; x_wconf 89' lang='lat' dir='ltr'>desiderabant</span> <span class='ocrx_word' id='word_1_289' title='bbox 1225 4611 1394 4667; x_wconf 86' lang='lat' dir='ltr'>Meschiam.</span> 
     </span>
    </p>
   </div>
   <div class='ocr_carea' id='block_1_12' title="bbox 0 0 1648 5310">
    <p class='ocr_par' dir='ltr' id='par_1_12' title="bbox 0 0 1648 5310">
     <span class='ocr_line' id='line_1_40' title="bbox 0 0 1648 5310; baseline 0 0"><span class='ocrx_word' id='word_1_290' title='bbox 0 0 1648 5310; x_wconf 95' lang='lat' dir='ltr'> </span> 
     </span>
    </p>
   </div>
  </div>
 </body>
</html>
