3270 5310
745 442 807 506 127
844 470 851 484 ·

186 633 257 689 Reb.
285 633 338 688 618
366 633 492 689 Mentire
521 635 555 688 tu
583 634 723 704 Quidem,
752 634 928 695 triverbero,
956 636 990 689 ut
1018 635 1057 689 dii
1088 637 1118 689 te
1146 649 1252 689 onmes
1271 650 1398 704 superne

146 732 353 787 concrementt

194 881 233 945 In
257 881 387 946 Lazaro
418 880 569 946 Thrasus
593 897 716 946 servus
739 881 846 946 durus
870 886 905 944 et
928 881 1022 946 ferus
1045 882 1212 946 Lazarum
1237 883 1398 947 miserum

149 996 343 1061 mendicum
367 997 410 1060 ab
434 995 575 1061 aedibus
598 996 691 1077 pellit
714 996 767 1060 his
791 994 922 1061 verbis:

310 1137 375 1192 Ima.
395 1136 455 1192 787.
796 1137 910 1192 rasis.
931 1137 1004 1204 Quid
1024 1140 1058 1192 tu
1077 1139 1228 1208 omnium,

309 1233 387 1301 Quos
406 1233 465 1288 fert
485 1233 597 1289 humus
616 1235 822 1304 spurcissime,
842 1236 923 1290 necis
943 1234 1098 1303 pabulum,
1117 1237 1148 1291 et

309 1330 375 1387 Orci
394 1331 492 1400 cibus,
511 1345 572 1386 non
591 1331 661 1386 hinc
680 1331 766 1386 abis?
786 1345 846 1386 non
865 1331 936 1386 hinc
956 1331 1042 1386 abis?

309 1429 376 1484 Nou
395 1429 464 1483 binc
483 1429 569 1482 abis?
595 1429 664 1483 Laz.
684 1428 750 1483 Heu
771 1430 832 1483 me!
853 1429 967 1484 Turris.
988 1429 1041 1485 Vel
1060 1430 1096 1484 ad
1116 1444 1233 1499 corros,
1253 1430 1297 1485 rel
1318 1431 1349 1485 in

309 1526 483 1594 Bar-atrum,
503 1524 547 1580 rel
568 1526 600 1580 in
619 1525 729 1580 malam
750 1527 889 1581 crucem?

195 1675 290 1740 Idem
320 1691 444 1740 servus
473 1679 594 1756 postea
617 1675 783 1740 Lazarum
806 1675 1010 1740 morientem
1035 1676 1245 1757 conspiciens
1269 1678 1397 1742 miseri-

147 1791 262 1855 cordia
287 1794 403 1855 tamen
428 1795 543 1856 tactus
566 1790 738 1856 exclamat
761 1792 838 1857 Laz.
867 1792 952 1856 1058

851 1934 927 1987 Proh
949 1934 1076 2002 Iupiter!

381 2030 437 2086 Hic
456 2031 598 2098 moritur,
617 2031 707 2098 atque
727 2029 789 2085 solu
808 2032 905 2085 inedia
926 2032 1066 2085 morituri
1087 2033 1120 2086 ut

380 2128 492 2183 Omnes
511 2128 616 2182 herum
637 2128 687 2183 Del
708 2143 836 2196 superne
855 2131 1059 2198 concrement,

380 2225 434 2292 Qui
455 2239 515 2280 nou
533 2226 608 2280 sinit
627 2225 673 2279 vel
694 2226 835 2280 miculam
854 2226 887 2279 in
906 2240 1006 2281 rerum
1026 2227 1161 2281 omnium

382 2322 546 2377 Aifluentia
567 2323 745 2391 pauperibus
763 2323 922 2390 elargirier.

194 2473 257 2538 Est
280 2473 332 2538 hic
357 2474 506 2554 optimus
530 2473 630 2537 huius
654 2472 788 2537 rabulae
812 2472 922 2551 locus3
947 2490 1058 2553 neque
1078 2474 1166 2538 enim
1184 2472 1279 2538 facile
1296 2478 1398 2554 poeta

148 2590 326 2670 Laemargi
349 2590 533 2654 immanem
559 2589 717 2653 duritiam
738 2592 774 2653 et
789 2588 1024 2653 crudelitatem
1042 2589 1154 2653 acrius
1169 2589 1397 2670 perstringere

149 2708 286 2786 poterat
321 2721 424 2784 quam
458 2705 522 2768 hac
557 2704 667 2782 servi,
703 2704 815 2768 herilis
851 2704 1014 2769 saevitiae
1038 2704 1273 2797 instrumenti,
1299 2720 1395 2768 exse-

146 2820 308 2886 eratione.

194 2935 289 3000 Idem
315 2935 466 3000 Thrasus
490 2952 511 3000 a
534 2952 700 2999 conservo
725 2935 865 3016 Cynopa
888 2937 950 3000 lroc
975 2937 1087 3001 audit:
1112 2935 1204 3023 (Lar.
1234 2936 1329 3018 1302)

427 3077 515 3144 Quid,
535 3092 621 3133 rauce
640 3078 757 3148 rabula,
776 3078 941 3132 inebriatus
960 3077 1119 3133 clamitas?

194 3225 264 3291 Nec
281 3226 345 3291 sibi
362 3229 558 3308 temperant
573 3229 717 3292 mendici
735 3229 961 3308 Laemargum
978 3232 1215 3293 exsecrantes:
1239 3226 1316 3292 Laz,
1331 3228 1396 3290 544

326 3368 371 3423 Ut
389 3382 458 3422 eum
478 3383 548 3423 suae
569 3370 693 3436 pingues
712 3369 814 3424 ofellae
832 3369 1020 3437 electilesque
1039 3369 1207 3437 stragulent

326 3465 508 3520 Ventremvo
526 3479 661 3521 crassum
681 3467 763 3522 lauta
782 3466 890 3521 fercula
909 3467 1071 3522 dissecent!

194 3614 272 3696 Ipse
296 3615 505 3696 Laemargus
529 3633 589 3697 per
612 3617 722 3681 iocum
748 3617 789 3681 de
806 3616 912 3680 fratre
928 3633 1005 3682 sero
1022 3617 1064 3680 ad
1082 3617 1199 3697 epulas
1218 3617 1394 3682 remonte:

362 3757 427 3812 Laz.
447 3756 507 3812 931.
546 3758 589 3812 Ut
607 3773 677 3813 eum
696 3758 736 3812 dii
757 3760 924 3813 morantem
945 3759 1022 3813 fame
1042 3760 1162 3812 necent!

180 3904 426 4001 'Stoliditatem
449 3908 586 3989 saepius
611 3925 700 3973 unus
724 3926 768 3973 ex
793 3908 932 3972 diabolis
948 3909 1044 3973 alteri
1060 3910 1271 3989 exprobrans
1288 3909 1397 3974 utitur

150 4022 337 4088 maledictis
360 4024 429 4089 his:

183 4164 253 4219 Reb.
272 4166 333 4220 214.
353 4163 464 4229 Hebes,
477 4165 577 4233 brute,
591 4165 710 4220 stolido!
730 4165 783 4220 803
796 4165 904 4234 Rome,
918 4167 1049 4235 stupide,
1063 4166 1168 4220 morio!
1187 4166 1240 4220 893
1253 4167 1395 4230 Demens,

147 4261 244 4333 rudis,
264 4261 451 4317 brutissime!

195 4418 303 4500 Quam
336 4422 506 4502 copiosam
539 4423 758 4487 maledicendi
789 4423 968 4487 materiem
992 4423 1091 4487 ludus
1115 4426 1151 4487 et
1174 4422 1395 4502 ludimagistri

147 4533 245 4600 bonis
280 4536 450 4618 discipulis
486 4539 589 4617 atoue
624 4538 796 4602 interdum
830 4555 948 4602 eorum
981 4537 1178 4619 perentibus
1209 4537 1396 4619 praebeant

148 4653 247 4731 patet
280 4669 324 4718 ex
358 4653 475 4718 multis
506 4653 586 4719 locis
618 4654 759 4719 Petrisci
791 4653 890 4741 (221,
922 4656 1005 4734 316,
1031 4656 1114 4733 349,
1139 4654 1222 4734 352,
1248 4651 1329 4739 370)
1353 4653 1394 4718 ci.
