3270 5310
871 398 913 461 34

461 591 535 647 Cum
556 589 639 647 Sosia
657 589 794 645 Plautino
812 592 843 644 et
862 591 933 644 anie
952 589 1087 645 cottabos
1103 603 1214 660 prgam
1231 587 1306 643 edus.

301 690 408 756 (Plaut.
428 689 540 756 Amph.
558 689 611 744 300
635 688 774 755 Quisquis
794 687 884 742 homo
903 687 961 742 huc
981 685 1110 753 proiecto
1128 687 1259 754 venerit,
1275 699 1385 756 pugnos
1402 685 1483 748 edet).

304 789 390 844 Hanc
408 787 588 842 locutionem
607 787 699 841 etiam
719 785 856 840 adhibuit
875 783 1035 853 Reuchlin‚
1054 783 1174 851 Sergius
1193 782 1254 839 270.

372 886 484 953 Sequar
505 884 620 953 virum,
639 883 664 937 si
688 883 798 938 mutiat
813 896 925 952 miros
943 881 1009 935 edet.

313 1034 519 1099 Terentiana
540 1037 624 1097 sunt
647 1033 746 1097 haee:

300 1179 353 1232 As.
372 1176 433 1230 251.
461 1174 567 1230 Oocine
586 1173 678 1228 aliam
697 1173 878 1229 cantilenam
898 1171 1029 1239 (Phorm.
1048 1171 1120 1236 495).

320 1317 332 1343 „
355 1273 433 1330 1005.
464 1272 600 1327 Fratrem
620 1273 723 1326 tamen
743 1270 875 1325 mordere
895 1284 943 1324 me
963 1268 1076 1338 palam,
1095 1271 1127 1324 et
1145 1268 1219 1324 alios

465 1370 537 1424 Mihi
556 1368 688 1423 invidere
707 1366 890 1435 clanculum,
910 1381 971 1421 non
990 1366 1111 1434 perfero.
1124 1367 1145 1435 ¹)

464 1467 551 1533 (Eun.
571 1467 623 1521 410
642 1465 773 1520 invidere
792 1479 897 1519 omnes
917 1464 1008 1534 mihi,
1027 1465 1160 1520 mordere
1178 1463 1366 1528 clanculum).

321 1609 333 1635 ,‚
357 1565 435 1620 1352.
464 1564 568 1618 Annua
585 1564 624 1616 est
643 1563 716 1616 dum
736 1561 864 1616 comitur
883 1562 994 1626 (Heaut
1013 1561 1085 1625 240).

267 1660 337 1718 Hac.
358 1662 436 1717 1521.
464 1661 542 1715 Dum
562 1661 596 1715 tu
617 1659 730 1726 pararis
749 1673 841 1713 annua
858 1661 905 1714 eet.

302 1759 393 1814 Andr.
413 1758 533 1813 52-54:

535 1855 606 1908 Mihi
627 1853 708 1908 nulla
727 1854 762 1908 de
780 1855 959 1921 argumento
978 1854 1036 1908 erit
1054 1852 1226 1909 comoediae

537 1950 698 2020 Praefatio,
721 1965 792 2005 mox
813 1951 862 2018 qui
883 1950 1043 2017 prodibunt
1062 1950 1120 2005 huo
1140 1950 1195 2005 viri

536 2049 703 2118 Bunsootii‚
725 2050 842 2114 partem
860 2048 1036 2102 indicabunt
1054 2047 1177 2103 fabulae.

265 2176 298 2231 in
320 2134 497 2232 memoriam
516 2173 657 2227 revocant
677 2170 805 2237 Adelphi
824 2171 859 2224 22
878 2185 948 2239 sqq:

535 2295 649 2350 Dehinc
669 2309 705 2349 ne
724 2295 906 2361 exspectetis
924 2295 1138 2362 argumentum
1156 2293 1283 2362 iabulae;

539 2393 631 2448 Senes
651 2392 700 2459 qui
721 2392 809 2459 primi
830 2391 968 2460 venient,
986 2391 1013 2446 ei
1034 2392 1149 2458 partem
1169 2391 1317 2461 aperient,

537 2490 574 2545 In
592 2489 705 2556 agendo
728 2490 845 2556 partem
864 2489 1032 2543 ostendent.
1053 2487 1102 2558 lei.
1120 2491 1224 2544 tamen
1243 2487 1322 2543 Trin.
1343 2488 1377 2544 16
1396 2493 1451 2557 sq).

305 2614 398 2670 Andr.
418 2613 478 2668 752.
506 2612 551 2668 Ut
571 2625 692 2679 prorsus
712 2612 751 2665 ad
768 2611 865 2666 restim
883 2626 928 2666 ree
946 2611 1017 2666 mihi
1035 2611 1157 2666 redierit.
1176 2611 1307 2677 (Phorm.
1325 2611 1399 2679 686).

306 2712 376 2767 Hec.
404 2711 481 2765 1554.
511 2709 674 2764 iuvenibus
695 2708 872 2763 insidiemur
889 2710 921 2764 et
939 2708 1088 2764 silicerniis
1107 2709 1174 2776 (Ad.
1194 2710 1268 2777 587).

306 2810 391 2864 Asot.
418 2807 478 2860 492.
508 2805 582 2860 Fors
593 2806 721 2875 fertum
738 2805 869 2872 (Phorm.
887 2806 961 2870 841).

304 2906 369 2960 Laz.
400 2904 477 2959 1265.
507 2903 651 2969 Mancipia
680 2901 787 2957 rimosa
814 2902 869 2957 tibi
899 2902 1006 2971 ubique
1032 2903 1147 2974 perfluo
1172 2903 1219 2971 (cs.
1242 2903 1316 2959 Eun.
1338 2905 1390 2960 105
1408 2904 1519 2960 Plenus

507 3001 651 3055 rimarum
671 3014 756 3069 sum,
777 2999 832 3055 hac
850 3001 941 3068 atque
969 3000 1040 3056 Illac
1059 3001 1191 3068 perfluo).

717 3359 750 3426 2.
797 3357 852 3426 De
876 3358 1068 3430 Parasitis.

312 3579 365 3643 lix
388 3578 428 3644 iis
452 3579 551 3658 locis,
579 3595 664 3658 quos
689 3594 733 3642 ex
760 3578 870 3642 Asoto
893 3581 1051 3658 sumptos
1074 3578 1253 3643 attulimus
1277 3583 1421 3661 apparet
1445 3583 1519 3645 tum

267 3694 471 3776 praesertim
499 3694 750 3775 Macropedium
773 3693 940 3759 Plautinis
964 3693 1137 3758 vocabulis
1161 3693 1445 3760 allocutionibus
1470 3696 1519 3760 uti

268 3828 347 3876 cum
370 3827 535 3892 personae
560 3810 739 3890 loquentes
761 3808 986 3890 inducantur,
1011 3826 1096 3889 quas
1120 3826 1165 3874 ex
1189 3811 1330 3891 antiqua
1346 3811 1521 3876 comoedia

266 3926 301 3990 in
333 3943 416 3991 suas
448 3925 580 3990 rabulas
606 3926 844 4006 transtulerit,
869 3925 1038 4007 parasitos
1062 3925 1136 3989 dico
1159 3928 1196 3991 et
1217 3942 1347 3991 servos.
1372 3925 1520 3992 Parasiti

267 4043 302 4107 in
338 4042 540 4123 Macropedii
576 4042 698 4107 fabulis
736 4041 905 4122 prodeunt
935 4043 1098 4123 quatuor,
1131 4041 1236 4107 Colax
1265 4042 1301 4107 in
1333 4043 1462 4122 asoto,
1485 4043 1520 4106 in

269 4157 418 4223 Bassam
448 4157 655 4239 Creoborus,
682 4158 716 4221 in
740 4157 846 4221 Aluta
870 4157 1109 4239 spermologus
1132 4161 1170 4222 et
1192 4157 1351 4239 Harpax,
1374 4175 1521 4239 quorum

267 4272 355 4338 alter
389 4289 410 4337 a
446 4271 658 4353 Macropedio
692 4289 811 4338 scurra
845 4283 1005 4353 vocatur,
1038 4276 1075 4337 et
1105 4290 1141 4338 re
1172 4290 1255 4338 vera
1285 4273 1387 4339 ambo
1410 4274 1521 4339 mixta

307 4534 463 4678 01100ιὲ91ῢ
484 4536 577 4590 etiam
601 4535 637 4590 de
661 4536 765 4591 Mortis
785 4537 987 4604 imagineae:
1008 4536 1181 4593 Clanculum
1201 4537 1249 4593 hio
1269 4538 1400 4608 mordet,
1421 4538 1520 4607 palam

268 4623 328 4679 tei
351 4637 367 4678 e
386 4623 411 4679 ri
432 4638 472 4680 e.

91 4788 215 5000 ,ι
284 4828 288 4833 ,
