3270 5310
731 388 796 451 223

323 582 402 648 Sive
426 586 461 646 te
485 583 593 646 iactas
616 581 755 662 pietatis
778 581 865 645 uotis
902 588 903 592 ’

185 752 192 766 .
319 699 435 779 Atque
459 701 494 762 te
518 697 636 762 laudat
658 713 755 761 sacer
779 700 815 760 et
838 696 1051 777 prophanue,

319 813 471 879 Iudicem
495 815 666 878 monstret
689 812 749 876 tibi
772 813 841 876 iam
865 811 1064 876 adfuturum

566 928 684 993 Mortis
708 929 829 1008 imago.

321 1200 478 1282 corporis
501 1200 615 1281 doteS,
642 1200 737 1280 vigor
760 1202 796 1264 et
820 1202 1005 1274 venustae,

323 1316 477 1398 sanitae,
502 1318 621 1397 robur,
646 1315 707 1380 sed
731 1319 767 1380 et
791 1331 890 1379 omne
914 1319 1095 1395 praestans

186 1485 193 1498 .
323 1431 486 1497 Occident
509 1449 594 1513 una,
619 1431 716 1496 velut
739 1434 815 1495 atra
839 1434 1010 1495 monstrat

566 1548 685 1612 Mortis
709 1547 829 1628 imago,

320 1819 359 1883 In
384 1819 581 1900 voluptates
605 1819 705 1884 modo
728 1836 843 1900 pugna>
865 1823 994 1900 restat,

320 1935 399 2000 Una
421 1952 502 2016 prae
527 1935 642 1999 multis
666 1935 825 2016 fugienda
848 1938 885 2000 et
907 1953 1050 2017 anoepS,

222 2100 223 2103 η
320 2051 412 2131 Quae
436 2055 476 2116 ut
498 2055 673 2132 expugnet
696 2052 857 2116 brevibus
881 2052 1007 2116 docebo

564 2166 682 2231 Mortis
704 2167 825 2247 imago.

319 2438 409 2504 Dum
433 2439 546 2519 gulam
570 2438 707 2503 irritant
729 2439 847 2519 epulae
871 2455 1014 2513 suaves,

321 2554 411 2619 Vina
434 2572 512 2619 oum
537 2554 625 2619 frixo
649 2553 897 2634 amoremque,
925 2556 1096 2618 monstret

321 2670 505 2735 Vermibus
533 2670 623 2750 quod
647 2672 694 2734 eie
718 2670 812 2735 cibus
836 2670 913 2734 hino
937 2669 1074 2734 futurus

566 2785 685 2850 Mortis
708 2787 829 2868 image.

166 3061 192 3122 '.
322 3057 478 3137 Dumque
502 3057 618 3122 titillat
642 3057 786 3122 Veneris
810 3058 909 3121 libido

320 3174 467 3255 Inguen,
493 3177 529 3238 et
552 3176 706 3238 mentem
728 3173 820 3237 iltioit
843 3173 886 3237 ad
910 3173 1073 3253 nefanda,

325 3290 493 3372 Suggerat
515 3306 639 3370 spurca
662 3289 745 3354 haec
770 3306 848 3354 caro
872 3290 960 3370 quod
986 3294 1160 3371 putrescat

567 3406 685 3470 Mortis
708 3407 829 3487 imago

322 3669 407 3748 Quid
431 3686 548 3734 sacras
572 3685 704 3733 nonnae
728 3669 1043 3752 Hieronymumque

186 3834 193 3849 .
320 3785 498 3850 Lubrioam
523 3785 603 3850 iecit
626 3803 788 3868 superare
812 3788 976 3851 comem?

322 3899 407 3979 Quid
431 3901 495 3965 nisi
519 3902 707 3967 obversam
731 3902 836 3967 oeulis
859 3902 1056 3984 frequenter

568 4015 688 4080 Mortis
712 4016 848 4097 imago?

323 4278 395 4343 Iam
421 4278 538 4343 modos
563 4280 674 4343 oemio
698 4281 820 4360 quibus
845 4299 913 4346 una
936 4283 1074 4347 inermis

325 4394 446 4460 Caetra
470 4395 628 4460 fortunae
651 4397 785 4462 vaiiata
808 4398 926 4463 vincet

165 4512 192 4574 '.
321 4511 434 4590 Teque
458 4510 621 4574 defendat
643 4511 732 4576 malo
757 4513 797 4576 ob
822 4514 912 4578 omni
936 4516 1096 4594 utrinque

567 4631 685 4696 Mortis
709 4631 828 4710 imago.
