3270 5310
782 401 825 466 99

227 594 396 659 Andrisca
419 593 460 658 de
484 610 522 658 se
545 595 620 675 ipsa
643 594 817 675 praedicat
840 593 941 658 haec:
966 593 1073 658 Andr.
1099 594 1174 659 842.

634 735 779 790 Andrisca
798 748 880 802 surn;
900 735 958 789 etsi
980 734 1126 789 foeminae

456 833 604 888 Animum
625 833 699 887 mihi
720 833 829 887 natura
848 832 1015 888 masculum
1036 833 1151 887 indidit.

230 956 408 1021 Interdum
439 955 641 1021 vocabulum
672 956 832 1020 Latinum
863 959 1001 1021 tantum
1033 956 1169 1020 additur
1191 956 1279 1037 quod
1305 973 1428 1021 nomen

184 1072 354 1137 Graecum
378 1072 526 1153 explicet
547 1071 590 1158 ¹),
615 1071 664 1136 Ut
687 1071 764 1136 Lan.
790 1072 865 1137 211.

218 1213 272 1268 Tr.
310 1212 381 1279 Quis
400 1213 484 1268 divas
503 1213 573 1268 hic?
592 1214 645 1267 Ba.
666 1212 843 1281 Locmorpus
864 1212 925 1276 hic,
945 1212 1061 1281 pulosia
1080 1212 1135 1267 1110.

217 1335 286 1390 1100.
305 1337 358 1392 363
377 1337 454 1392 Nou.
493 1336 674 1391 Iamdudum
687 1336 719 1390 in
733 1335 781 1390 his
795 1336 899 1390 mundi
913 1335 1028 1390 infimis
1041 1335 1224 1390 convallibus
1234 1335 1428 1404 praedivitem

216 1433 456 1489 Homuncionom
478 1432 611 1488 habitare
632 1433 721 1487 multi
741 1433 925 1500 praedicant,
945 1447 1034 1500 quern
1054 1447 1107 1487 rex
1126 1433 1215 1487 deum

216 1530 442 1599 Hominumque
462 1531 615 1585 maximus
634 1529 716 1585 iubet
736 1530 868 1598 citarier,
888 1543 977 1597 quem
998 1528 1107 1596 singuli
1127 1531 1159 1584 et
1172 1529 1250 1584 hunc
1267 1529 1429 1597 primulum

216 1627 403 1682 Henecascum
421 1629 453 1682 ot
476 1626 717 1696 Unumquemlibet
735 1626 948 1694 compellitant.

228 1751 381 1817 Nominis
420 1749 700 1832 significationem
736 1753 873 1831 spectat
907 1751 1010 1815 etiarn
1049 1749 1236 1832 Bassatrus,
1270 1750 1431 1831 Harpaga

182 1868 289 1932 lilium
313 1868 461 1932 incitans
483 1867 536 1932 his
559 1867 690 1933 verbis:

390 2009 434 2064 Tu
452 2023 507 2077 age
526 2009 684 2079 Harpopo,
704 2023 741 2063 ne
761 2009 843 2063 canis
862 2008 981 2076 quidem
1001 2009 1033 2061 in
1053 2010 1083 2062 10
1104 2009 1221 2063 10111101.

638 2442 848 2507 CAPUT
887 2442 978 2508 Viri.

530 2665 593 2742 De
632 2664 801 2741 lusibus
838 2665 1086 2743 verborum.

232 2859 502 2953 Marcropedius,
526 2875 693 2953 utsupra
717 2872 883 2953 diximuS,
908 2874 1091 2936 verborum
1115 2872 1211 2937 lusus
1232 2873 1348 2936 venari
1366 2889 1432 2937 non

185 2988 293 3070 solet,
317 2987 378 3053 sad
401 2990 520 3052 tamen
544 2988 641 3052 utin
665 3004 789 3067 magno
813 3005 976 3052 versuum
1000 3004 1143 3052 nurnero
1166 2988 1328 3053 nonnulla
1351 2989 1434 3052 eius·

188 3103 278 3168 modi
301 3103 406 3168 habet
429 3107 622 3168 memoratu
639 3120 707 3167 non
724 3103 869 3184 indigna.
902 3103 940 3167 ln
958 3104 1080 3183 quibus
1096 3104 1285 3167 tractandis
1301 3104 1434 3167 initium

186 3219 331 3284 facimus
362 3220 404 3284 ab
435 3212 476 3283 ils
500 3236 587 3299 quae
611 3220 764 3299 argutiae
788 3218 1018 3300 appellantur,
1042 3219 1076 3282 111
1100 3219 1222 3298 quibus
1246 3236 1290 3283 011
1314 3218 1434 3299 signifi-

188 3334 322 3400 catione
354 3336 537 3400 verborum
567 3336 661 3400 iocus
692 3335 837 3416 petitur,
870 3352 948 3400 cum
977 3338 1038 3400 aut
1068 3335 1194 3416 duplex
1218 3339 1254 3399 et
1277 3335 1435 3414 ambigua

188 3450 290 3515 unius
325 3442 481 3513 vocabuli
516 3449 690 3513 sententia
724 3449 851 3513 n'dendi
887 3450 1067 3513 materiam
1101 3450 1242 3530 praebet
1277 3454 1338 3513 aut
1368 3449 1434 3513 duo

187 3564 355 3630 vocabula
389 3561 593 3629 adhibentur
627 3564 736 3628 forma
771 3565 890 3629 cadem
920 3565 981 3628 sed
1013 3563 1257 3645 significatione
1289 3565 1433 3629 diversa.

187 3680 359 3745 Eiusmodi
383 3680 545 3745 nonnulla
568 3679 761 3744 invenimus
785 3680 818 3743 in
842 3682 970 3761 Asoto,
995 3681 1173 3760 praecipue
1196 3679 1231 3742 in
1255 3679 1435 3744 Comastaa

184 3796 278 3861 servi
313 3798 350 3860 01
386 3792 515 3860 Colacis
551 3795 691 3876 parasiti
727 3795 907 3876 colloquio,
944 3812 988 3859 ex
1024 3811 1091 3874 quo
1125 3795 1189 3859 hoc
1224 3795 1296 3858 loco
1328 3811 1435 3875 pauca

187 3911 374 3976 adiicienda
397 3911 606 3991 putavimus.
654 3913 752 3975 Asot.
778 3911 844 3974 229
867 3928 939 3991 sqq.

382 4050 453 4106 0011.
492 4051 569 4120 Quin
589 4051 675 4106 modo
695 4050 787 4106 siles?
807 4052 872 4105 Con.
894 4052 971 4118 Quin
991 4051 1077 4104 modo
1099 4050 1204 4105 cacas?

384 4147 521 4204 Etlamno
541 4148 632 4203 habes
651 4147 798 4202 ludibrio?
820 4148 892 4202 Gon.
912 4147 993 4211 Noli,
1013 4145 1119 4213 Colax,

385 4246 524 4316 Irascier,
544 4261 615 4301 narn
635 4248 665 4301 10
685 4245 769 4300 volut
789 4260 927 4300 omasum
947 4244 1020 4299 dabo

382 4342 443 4399 Sub
463 4344 581 4399 hoodie
601 4342 821 4397 fartissumum.
858 4342 917 4397 Sile
938 4343 1034 4398 modo.

190 4510 398 4520 —-—-—

227 4642 248 4706 Ι)
268 4638 309 4695 ct
330 4638 426 4694 Plaut.
446 4639 532 4693 Most.
551 4639 604 4693 497
624 4639 684 4707 Ego
704 4638 914 4692 transmarinus
934 4638 1041 4706 hospes
1060 4652 1128 4691 sum
1148 4636 1323 4707 Diapontius.
