3270 5310
795 395 838 459 20

225 584 349 636 Carmen
364 586 483 638 constat
496 585 629 650 strophis
639 586 671 640 31
683 589 713 640 et
723 587 899 653 repetitione
910 587 1014 641 ionica.
1027 586 1106 642 Duas
1116 587 1256 655 strophae
1265 589 1456 647 adscribam.

458 734 582 788 Carmen
601 735 655 789 tibi
675 735 791 789 Christe
810 736 1020 803 genethliacon

461 831 553 884 Puero
573 832 653 898 pueri
674 834 794 886 cantaro
814 832 934 900 volunt,

459 927 495 981 Et
513 930 624 983 amaris
643 929 739 983 dulcia
758 929 943 984 lachrimulia

458 1025 577 1079 Miscere
598 1025 659 1079 tuis
680 1026 844 1093 matrisque
864 1027 943 1081 tuae.

458 1169 569 1228 Verum
589 1175 647 1228 niai
667 1176 701 1228 tu
721 1175 823 1227 nostro
842 1172 943 1227 faveas

458 1271 562 1325 Studio
581 1273 612 1324 et
632 1272 749 1325 teneras
767 1270 868 1325 foveas
888 1273 1005 1325 mentes

457 1367 523 1422 Vox
542 1369 691 1423 rancescat
711 1369 776 1421 sine
795 1367 895 1422 fructu
915 1369 1012 1434 operis

457 1463 494 1519 Et
513 1463 615 1532 lingua
633 1465 715 1519 dabit
733 1465 798 1518 sine
819 1467 919 1519 mente
938 1479 1057 1520 sonum.
1077 1481 1102 1520 e.
1123 1481 1149 1534 q.
1168 1481 1192 1520 e.

227 1613 391 1679 Repetitio:

458 1737 620 1790 Puerorum
639 1738 722 1791 decet
741 1737 856 1790 omneis
876 1737 944 1792 iore
958 1752 1055 1791 mores

457 1834 558 1902 Neque
577 1834 691 1903 medea,
711 1849 805 1901 neque
824 1835 928 1902 duros,
949 1849 1043 1901 nequo
1063 1850 1171 1904 van08,

459 1932 515 1985 Sed
535 1931 676 1985 honestos
695 1930 851 1998 facilesque
871 1934 901 1985 et
921 1932 985 1985 sine
1004 1931 1106 1986 fraude

459 2029 586 2082 Puerum
607 2029 657 2095 qui
678 2029 764 2094 probe
785 2028 885 2082 Iesum
904 2028 1102 2083 celebrabunt.

230 2177 309 2230 idem
339 2179 551 2244 argumentum
580 2178 657 2244 quod
687 2179 795 2231 tractat
823 2176 882 2230 Ode
908 2177 943 2230 de
969 2177 1072 2230 Mortis
1091 2177 1226 2244 Imagine
1245 2177 1304 2232 alio
1323 2191 1448 2248 quoque

191 2274 321 2327 carmine
340 2275 480 2328 cecinisse
499 2275 617 2328 videtur
636 2270 844 2340 Maeropedius.
883 2273 918 2327 In
939 2273 1077 2327 Prosodia
1095 2274 1176 2327 enim
1196 2273 1340 2341 leguntur
1355 2275 1447 2331 haec:

190 2370 341 2438 „Ionicum
361 2386 378 2424 a
399 2372 512 2425 minore
531 2371 698 2425 carminum
718 2384 813 2437 genus
833 2373 867 2423 ut
887 2370 942 2424 hoe
963 2377 1116 2424 nostrum:

456 2520 515 2574 Nec
533 2534 667 2574 amaram
687 2534 740 2573 nec
758 2521 889 2573 atrocem
911 2519 991 2572 neeis
1010 2519 1130 2588 horam,

453 2618 508 2671 Sed
528 2617 655 2670 amicam
675 2620 705 2669 ot
725 2617 886 2682 pretiosam
907 2615 967 2669 iore
986 2617 1071 2670 credo
1091 2617 1164 2670 cet”.
