3270 5310
775 445 838 509 217

201 639 262 694 850.
285 638 419 693 Ebrietas
445 652 505 693 000
530 638 609 693 00011
632 638 665 691 10
690 636 794 692 Galerii
820 651 993 706 personam,
1012 637 1063 692 sed
1083 638 1154 692 talia
1173 639 1209 692 ad
1229 639 1430 705 spectatorum

281 735 509 791 delectationem
529 735 693 803 finguntur.

281 832 417 887 caniculos
435 832 612 887 morabimur
630 863 665 870 —
682 831 795 887 Morari
807 833 885 900 apud
899 832 935 885 11.
949 845 1035 900 saepe
1048 832 1126 886 idem
1139 833 1186 886 est
1198 833 1288 900 atque
1301 833 1432 903 opperiri,

344 933 515 1000 exspectare,
542 929 577 985 01.
605 929 672 994 228,
704 930 786 992 1180,
816 928 900 998 1219,
929 926 984 983 171.
1022 930 1107 984 Asot.
1136 929 1188 984 848
1216 943 1271 983 000
1299 931 1329 985 10
1351 930 1431 984 domi

346 1026 530 1083 morabimur
553 1027 607 1082 556
631 1030 661 1082 10
688 1028 824 1082 moratus
847 1027 880 1081 in
905 1027 982 1081 ostio
1006 1026 1059 1081 574
1084 1027 1164 1082 domi
1188 1027 1258 1082 tuae
1277 1029 1433 1083 morantur

344 1125 447 1180 10927
466 1126 600 1180 moratur
620 1125 700 1179 hunc
719 1126 803 1192 pater
823 1124 892 1178 1289
911 1125 956 1192 10,
975 1123 1078 1193 ocelle,
1090 1124 1266 1179 iamdudum
1280 1138 1433 1179 moramur

347 1222 415 1276 1474
450 1221 589 1277 morabor
619 1221 774 1290 paululum
802 1221 922 1276 tardum
951 1235 1054 1276 senem
1084 1220 1130 1276 Al.
1158 1235 1219 1289 arg.
1246 1222 1272 1276 6.
1309 1222 1433 1276 Frustra

345 1320 461 1374 morata
479 1319 611 1373 debitam
632 1319 786 1385 pecuniam
807 1319 899 1375 Andr.
919 1319 972 1372 510
991 1318 1127 1373 morabor
1140 1318 1220 1372 hunc
1231 1318 1303 1373 dum
1317 1318 1433 1373 venerit

347 1417 416 1471 1010
441 1416 514 1483 Quid
540 1429 620 1470 nunc
645 1414 803 1469 morabor?
824 1415 891 1470 1074
912 1415 1071 1482 Andriam,
1090 1415 1265 1470 iamdudum
1285 1429 1384 1471 moror
1403 1417 1433 1471 te

345 1514 428 1568 Bass.
465 1512 516 1567 111
544 1512 665 1568 Tacitus
693 1511 830 1566 morabor
858 1512 1011 1566 hominem
1038 1511 1093 1566 488
1122 1510 1257 1566 morabor
1284 1512 1432 1567 aniculam

346 1611 411 1665 Laz.
439 1610 492 1665 514
520 1609 576 1664 Sed
605 1610 636 1664 10
665 1609 773 1664 morati
803 1610 832 1663 10
858 1623 1019 1677 sequemur
1043 1610 1197 1677 praevium
1223 1609 1276 1664 589
1299 1609 1434 1664 morabor

345 1708 474 1775 gratiam
501 1707 556 1762 895
583 1706 694 1762 Rosam
723 1720 821 1761 meam
850 1706 932 1761 01000
961 1707 1130 1761 morantem
1161 1706 1230 1761 1285
1259 1720 1307 1762 me
1330 1707 1433 1761 dixero

345 1805 486 1873 Cynopen
514 1804 562 1860 hic
589 1804 662 1859 10010
690 1804 808 1859 morari.
846 1805 943 1858 Adam
974 1803 1009 1858 70
1036 1805 1142 1871 nequis
1160 1806 1284 1858 moretur
1302 1804 1335 1857 in
1354 1803 1434 1858 hisce

346 1901 424 1956 ludis
452 1902 606 1957 lasciviam
634 1903 687 1957 402
715 1915 817 1956 necem
847 1900 1009 1955 moraberis
1034 1899 1104 1956 Hec.
1129 1900 1181 1955 884
1206 1900 1262 1956 Sed
1289 1900 1434 1955 hactenus

346 1999 490 2055 Daetrum
519 1999 627 2053 morati
653 2000 753 2065 ipsum
779 2012 938 2066 sequemur
964 1998 1118 2065 praetium
1145 1998 1215 2052 1520
1239 1997 1434 2064 Quoadusque

345 2097 381 2150 te
396 2096 546 2158 morabor,
566 2094 699 2164 improba
719 2095 835 2150 bestia?
856 2096 920 2150 Laz.
941 2095 1010 2150 1898
1029 2109 1092 2162 sqq.

420 2246 481 2300 Vos
501 2247 550 2314 qui
570 2246 710 2301 adfuistis
729 2244 863 2308 ludicris,
884 2258 920 2299 00
940 2245 1034 2307 state,
1053 2244 1104 2299 sed

416 2343 458 2406 (Si
480 2357 527 2398 me
546 2343 688 2408 audiatis)
705 2342 812 2397 amodo
832 2356 926 2410 neque
945 2342 1116 2410 coniugem,

419 2440 520 2508 Neque
539 2438 661 2509 liberos,
681 2453 776 2506 neque
794 2439 1028 2507 gastrimargum
1047 2437 1083 2492 ab
1102 2437 1206 2492 inieris

418 2534 512 2591 Hodie
532 2551 702 2592 reversuros
721 2537 843 2591 domum
863 2535 1021 2590 moramini.

205 2688 267 2743 857.
286 2689 353 2743 0100
373 2702 420 2756 pg.
439 2687 481 2742 89.

203 2836 265 2892 808.
286 2835 320 2893 01.
340 2839 412 2904 Arg.
431 2837 448 2889 4
466 2836 498 2890 01
517 2835 583 2890 0100
603 2849 648 2904 pg.
667 2835 711 2890 82.

204 2986 265 3042 880.
286 2985 475 3057 imploratum
494 3016 529 3024 -
548 2986 605 3040 010.
625 2999 671 3054 pg.
690 2985 740 3052 67,
759 2984 802 3039 68.

204 3128 265 3183 898.
286 3127 349 3182 Ηο0
374 3127 549 3195 metaphora
568 3121 726 3193 aliquoties
746 3125 842 3180 utitur
862 3125 899 3179 M.
918 3124 954 3179 cf.
973 3123 1043 3179 Reb.
1062 3123 1115 3178 879
1134 3121 1164 3178 Si
1185 3122 1387 3190 praestitisses
1405 3123 1435 3176 te

285 3224 404 3279 vafrum
430 3224 510 3279 Istae
534 3222 612 3278 ferae
636 3222 809 3291 pulposulae
832 3205 893 3276 000
918 3221 1102 3276 excidissent
1126 3219 1260 3275 cassibus
1279 3220 1363 3274 Asot.
1383 3219 1436 3274 518

285 3322 371 3377 Nunc
398 3322 505 3376 incidit
532 3320 594 3376 fera
621 3320 729 3375 ultima
753 3320 786 3373 in
811 3333 910 3374 casses
935 3332 1018 3373 meos
1042 3317 1136 3373 Andr.
1159 3316 1285 3371 118710
1303 3315 1436 3371 cassibus

285 3420 360 3474 meis
379 3419 468 3487 lupus
487 3418 660 3486 prehensus.

204 3560 266 3615 904.
286 3560 335 3614 010
354 3558 519 3614 versiculus
537 3558 630 3613 etiam
649 3558 681 3611 in
702 3557 862 3626 posteriore
881 3556 1011 3611 00111000
1029 3555 1192 3610 defectivus
1211 3554 1265 3608 est.

205 3700 267 3756 988.
285 3702 428 3755 00100000
446 3730 481 3737 -
501 3699 566 3754 0100
587 3713 633 3766 pg.
652 3700 695 3752 94.

205 3841 266 3895 949.
286 3841 457 3908 [caccabus
475 3870 510 3878 -
529 3840 595 3894 0100
614 3853 660 3907 pg.
681 3839 722 3893 74.

205 3982 267 4038 962.
285 3998 314 4036 00
331 3981 481 4036 retrudunt
500 4011 535 4018 -
553 3980 610 4034 vid.
631 3993 678 4048 pg.
697 3979 741 4034 91.

205 4122 268 4179 998.
287 4122 324 4176 10
343 4135 433 4190 puero
452 4121 643 4176 describendo
662 4121 778 4175 veteres
797 4118 924 4174 comicos
943 4117 1089 4173 imitatur.

191 4262 268 4318 1004.
287 4261 384 4317 intulit
398 4262 487 4333 probe
505 4293 540 4300 -
558 4261 593 4317 01.
614 4263 698 4317 Αο01.
717 4263 770 4316 540
790 4261 853 4315 bene
872 4259 969 4315 1010111
988 4259 1126 4328 profecto.

191 4403 268 4458 1018.
289 4403 369 4458 beroa
387 4434 423 4442 -
441 4405 496 4459 boc
515 4405 636 4459 nomine
655 4403 801 4458 vocantur
821 4402 1018 4469 magistratus
1033 4402 1064 4456 et
1077 4401 1157 4456 cives
1170 4399 1335 4454 nobiliores.
1355 4397 1437 4452 Bass.

287 4501 340 4556 485
359 4502 407 4569 (ad
427 4501 604 4569 praesidem)
623 4500 700 4569 Huc,
720 4499 777 4554 huc
796 4499 881 4562 ades,
901 4512 939 4553 ne
958 4499 1100 4567 praeteri,
1120 4497 1217 4552 heros.
1235 4495 1306 4551 Hoc.
1326 4493 1378 4549 872
1390 4494 1438 4557 (ad

286 4597 338 4652 Dei
363 4597 508 4665 legatum)
534 4597 575 4651 mi
602 4596 698 4651 heros.
722 4597 801 4652 Petr.
828 4595 896 4649 1042
923 4609 1020 4649 mores
1042 4593 1184 4649 heroicos.
1204 4591 1297 4659 Epist.
1317 4590 1349 4645 81
1370 4589 1436 4643 tum

287 4695 427 4766 heroum,
447 4697 514 4750 tum
533 4696 644 4750 civium
663 4694 769 4749 aedeis.
