3270 5310
793 360 834 423 15

397 552 423 607 5.
461 550 645 614 Tabesoeret)
664 550 710 606 vel
730 551 872 607 miculam
891 551 1032 620 largitur,
1051 553 1084 607 at

459 648 569 703 Contra
589 647 710 717 propelli
729 648 766 703 ab
784 648 907 704 aedibus
925 662 1044 704 caesum
1063 649 1154 705 iubet.

461 746 556 813 Quare
574 746 654 801 inter
671 744 776 813 epulas
793 745 1011 813 gastrimargus
1031 748 1170 801 mortuus

462 843 508 899 Ad
527 842 640 898 inferos
657 857 675 896 a
693 841 809 897 diabolo
827 842 980 898 detractus
998 845 1054 898 est.

461 942 503 995 At
521 940 622 1007 inopia
640 939 774 996 defectus
792 941 824 994 et
843 939 922 994 fame
941 941 1068 995 Lazarus

380 1037 422 1093 10.
459 1038 506 1093 Ad
525 1037 664 1093 Abrahae
683 1037 784 1092 sinum
803 1036 839 1091 ab
858 1036 972 1104 angelis
991 1037 1152 1093 subrectus
1170 1039 1225 1093 est.

461 1134 520 1190 Ubi
539 1135 622 1198 (dum
643 1148 736 1188 vorax
756 1135 897 1202 perpetuo
916 1135 949 1189 in
966 1135 1036 1203 igne
1054 1134 1211 1202 affligitur)

459 1232 583 1287 Fruitur
602 1231 724 1300 perenni
744 1230 909 1299 squallidus
927 1231 1041 1287 solatio.

227 1326 379 1384 Numerus
398 1342 539 1384 versuum
561 1329 639 1385 1400.

227 1451 433 1519 Josephus,
453 1452 682 1520 Macropedii
702 1451 831 1507 fabula
849 1466 970 1521 sacra,
990 1453 1151 1520 pietatis
1170 1453 1208 1507 et
1227 1453 1440 1521 pudicitiae

191 1548 410 1604 cultoribus
429 1548 666 1618 perlegenda.

690 1644 923 1715 Argumentum.

459 1743 608 1799 Venditus
627 1744 738 1812 loseph
758 1743 900 1799 Israhelis
919 1744 999 1799 iilius

458 1840 530 1896 Duci
551 1839 698 1896 Parhonis
717 1841 907 1910 sacrificoque
926 1840 1069 1909 Potiphar

459 1937 633 1994 Praeficitur
652 1938 792 1993 ommbus
810 1937 891 1993 illius
911 1938 1048 2006 negociis.

459 2035 552 2102 Quem
572 2036 685 2091 intuita
704 2036 863 2102 pulchrum
883 2035 954 2090 hera
973 2036 1143 2104 concupivit
1160 2036 1197 2091 ad
1217 2037 1356 2104 stuprum
1376 2038 1406 2088 et

396 2133 422 2187 ὅ.
460 2133 550 2188 Nefas
569 2134 757 2188 recusantem
777 2133 896 2188 retento
916 2132 1003 2200 pallio

459 2230 583 2286 Sceleris
603 2232 711 2286 marito
730 2230 865 2299 accusat,
883 2233 974 2298 atque
992 2231 1026 2285 in
1044 2243 1190 2285 carcerem

459 2327 550 2395 Regis
569 2328 680 2395 sategit
698 2328 789 2383 iniici.
825 2328 883 2383 Sed
902 2327 976 2382 scite
994 2327 1034 2380 ibi

462 2422 579 2480 vinctis
597 2425 713 2479 duobus
731 2439 799 2480 curn
819 2423 1000 2493 explicasset
1017 2424 1135 2478 somnia

460 2523 525 2577 Rex
545 2523 701 2577 somnians
720 2523 821 2578 vatem
840 2521 923 2577 iubet
942 2521 1103 2590 producier.

380 2620 423 2676 10.
459 2620 512 2687 Qui
532 2635 600 2675 cum
620 2621 786 2688 aperuisset
805 2621 869 2674 visa
887 2620 949 2688 regi
969 2619 1119 2674 insomnia

459 2717 554 2785 Regni
574 2716 714 2771 omnibus
734 2717 863 2785 negociis
883 2716 1048 2786 praefectus
1067 2717 1122 2770 est.

458 2813 639 2881 Complexus
658 2814 726 2869 inde
745 2813 889 2881 Potiphar
907 2829 975 2868 cum
996 2812 1137 2868 uxorcula

459 2910 554 2966 Duxit
574 2911 712 2978 pudicam
731 2912 854 2979 gnatam
875 2925 977 2965 eorum
997 2911 1163 2977 coniugem.

228 3009 378 3063 Numerus
397 3023 540 3064 versuum
559 3008 639 3064 2027.

228 3105 269 3160 De
288 3106 418 3174 Josepho
437 3106 558 3174 scripsit
575 3106 703 3174 Jacoby,
722 3120 818 3173 progr.
838 3106 952 3160 ‘lb-31.

227 3229 392 3284 Adamus
419 3229 647 3296 Macropedii
676 3228 831 3293 Fabula,
859 3228 1106 3283 Christianae
1134 3229 1298 3295 pietatis
1320 3226 1439 3296 plena.

192 3330 235 3385 In
269 3345 339 3398 qua
372 3344 524 3405 κωμικῶς
558 3332 795 3396 ostenditur,
824 3345 894 3399 quo
921 3332 1032 3399 pacto
1059 3330 1191 3399 lapsus
1219 3331 1326 3385 homo
1354 3330 1440 3397 post

192 3431 335 3513 multas
363 3433 571 3488 multorum
599 3434 838 3489 saeculorum
859 3433 1105 3488 calamitates
1123 3434 1161 3488 et
1180 3433 1358 3487 miserias
1377 3445 1440 3500 per

191 3529 386 3585 Christum
415 3530 457 3585 ab
485 3531 604 3586 initio
630 3532 875 3600 promissum,
895 3531 1124 3598 tandemque
1143 3529 1279 3585 mundo
1298 3528 1439 3583 exhibi-

192 3628 287 3691 tum,
306 3627 427 3682 saluti
446 3628 687 3683 restituitur.

690 3726 923 3793 Argumentum.

441 3822 573 3877 Paradisi
593 3821 687 3876 Adam
709 3820 812 3890 pulsus
831 3822 917 3877 beata
937 3821 1033 3889 patria

441 3918 478 3973 In
497 3918 574 3973 hanc
593 3919 685 3973 miser
704 3917 920 3973 mortalitatem
940 3919 1044 3972 trusus
1062 3922 1117 3971 est.

441 4015 478 4070 In
498 4030 555 4083 qua
574 4016 646 4070 ante
665 4015 761 4083 legem
781 4016 918 4083 primiter
936 4012 1153 4082 multiplicibus

442 4112 597 4167 Erroribus
616 4113 757 4167 seductus
775 4114 807 4167 et
826 4112 920 4180 plagis
939 4111 1049 4167 crebris

378 4211 402 4265 5.
441 4211 577 4265 Attritus
595 4213 651 4265 est.
688 4210 748 4266 Sub
767 4209 831 4278 lege
849 4210 954 4265 deinde
973 4210 1087 4264 Moseos

441 4308 629 4375 (Quanquam
649 4307 753 4375 liguris
773 4307 925 4375 mysticis,
945 4306 1128 4373 subindeque

444 4404 621 4472 Prophetico
640 4405 735 4459 fretus
754 4405 813 4460 fuit
831 4404 962 4469 solatio),

441 4502 546 4557 Tantis
565 4502 668 4556 tamen
687 4504 755 4569 post
774 4516 912 4556 murmur
930 4502 961 4556 et
980 4501 1054 4569 legis
1072 4500 1125 4555 Dei

442 4599 720 4668 Transgressionern
740 4599 870 4654 afflictus
888 4601 935 4654 est
955 4598 1103 4653 laboribus
