3270 5310
717 411 779 475 137

165 605 205 669 In
228 605 406 670 adiectivis
428 605 647 670 substantive
672 604 809 668 utendis
833 603 966 669 liberior
990 608 1054 671 est.

297 737 326 791 H
370 738 457 793 aba.

327 752 369 805 ΥΡ
387 834 477 902 Siqua
495 833 575 888 utilis
594 834 640 889 vel
660 834 808 889 commodi
828 834 975 889 rationem
995 834 1101 899 hahes,

386 930 480 986 Multo
500 933 636 986 omnium
656 929 819 986 utilissima
838 931 886 985 est
904 931 1072 987 tolerantia.

157 1057 209 1110 As.
239 1054 308 1109 1438
337 1055 423 1110 aedes
452 1054 543 1110 huius
571 1052 665 1108 diuitis
692 1053 762 1108 1467
790 1054 862 1109 Ecce
890 1055 1008 1110 oberrat
1032 1056 1144 1111 rustico
1169 1070 1240 1123 sago
1258 1058 1369 1125 opertus

119 1152 212 1208 Andr.
233 1151 302 1206 1197
320 1152 436 1208 cunctis
455 1152 578 1207 remotis
598 1152 733 1206 batibus.

167 1275 345 1355 Reliquum
371 1278 426 1340 est
448 1278 488 1340 ut
503 1275 545 1339 de
562 1275 803 1356 orthographia
818 1292 928 1356 pauca
943 1275 1086 1339 dicenda
1101 1275 1293 1341 videantur.
1329 1275 1368 1338 ln

119 1392 235 1456 multis
269 1391 447 1472 scripturis
481 1390 583 1456 Macr.
620 1390 763 1455 discedit
798 1408 819 1454 a
854 1391 1101 1456 consuetudine
1132 1408 1235 1471 quam
1270 1390 1368 1454 hodie

118 1507 215 1588 sequi
245 1507 412 1587 solemus,
445 1510 480 1571 et
508 1507 645 1571 omnino
667 1507 703 1570 in
727 1523 768 1571 ea
791 1523 827 1569 re
853 1523 977 1586 magna
1000 1509 1056 1571 est
1078 1507 1112 1570 in
1137 1507 1209 1572 eius
1233 1505 1369 1586 scriptis

119 1623 269 1688 varietas
305 1626 341 1687 et
374 1622 614 1688 inconstantia.
663 1622 806 1686 Accedit
840 1621 930 1701 quod
964 1621 1028 1686 illis
1060 1621 1269 1703 temporibus
1300 1602 1401 1759 non'f

118 1738 323 1818 scriptorum
354 1737 415 1803 sed
447 1737 738 1819 typographorum
762 1754 865 1818 saepe
890 1738 1028 1801 arbitrio
1051 1738 1222 1818 scriptura
1244 1737 1368 1801 consti·
1394 1770 1397 1781 =

118 1853 298 1936 tuebatur3
328 1871 410 1918 nam
443 1870 543 1918 suam
573 1853 716 1933 quisque
748 1853 982 1934 typographus
1014 1852 1223 1932 sequebatur
1254 1790 1398 1917 ortho!

118 1969 302 2050 graphiam.
351 1968 443 2048 Quae
475 1985 578 2049 quam
609 1969 741 2033 incerta
771 1971 808 2032 et
838 1968 935 2033 varia
957 1968 1060 2032 fuerit
1084 1972 1181 2050 patet
1203 1967 1368 2048 imprimis

118 2100 163 2148 ex
185 2084 226 2147 iis
249 2083 439 2165 vocabulis,
464 2101 551 2164 quae
575 2101 635 2165 per
649 2103 682 2162 e,
700 2101 754 2164 oe,
773 2101 806 2146 oc
822 2083 1025 2149 scribuntur.
1051 2083 1125 2147 Has
1141 2083 1368 2164 diphthongos
1406 2148 1408 2159 ,

118 2199 228 2265 medio
263 2216 350 2265 aevo
385 2200 484 2264 scribi
519 2200 638 2264 solitas
674 2216 742 2265 non
774 2198 879 2263 inisse
910 2198 996 2262 satis
1028 2202 1148 2262 notum
1172 2199 1236 2262 est.
1283 2196 1368 2262 Post
1405 2180 1407 2228 ³

117 2315 234 2380 literas
264 2318 404 2380 renatas
438 2316 502 2380 viri
536 2315 626 2380 docti
661 2315 724 2380 hoc
758 2315 880 2379 vitium
916 2315 1081 2394 corrigere
1117 2313 1230 2378 conati
1265 2317 1366 2393 sunt,

116 2431 420 2510 scribebanturque
455 2430 714 2495 dissertationes
745 2429 784 2492 de
810 2435 883 2494 orte
906 2428 1190 2510 Dipbtboapoadi.
1239 2428 1368 2500 Macro·
1415 2500 1416 2505 ἵ

117 2547 236 2629 pedius
260 2564 393 2628 quoque
417 2547 505 2611 hanc
520 2563 594 2610 rem
610 2547 775 2611 tractavit
791 2546 824 2609 in
842 2545 1002 2626 opusculo
1019 2545 1109 2625 quod
1126 2544 1167 2609 de
1184 2544 1367 2610 Prosoedia
1415 2547 1416 2564 ¹

116 2663 308 2744 composuit
334 2664 390 2729 uhi
413 2663 573 2744 leguntur
596 2663 697 2727 haec:
737 2661 843 2745 „Cum
866 2661 973 2725 sciam
997 2659 1188 2741 complures
1211 2659 1366 2739 ignorare

116 2796 204 2859 quae
228 2795 331 2845 voces
355 2782 429 2843 turn
453 2779 578 2843 latinae
602 2781 677 2842 tum
702 2794 843 2858 graecae
866 2777 1036 2841 latinitate
1061 2776 1208 2840 donatae
1232 2775 1287 2840 vel
1307 2793 1366 2856 per

116 2912 156 2958 ac
179 2895 233 2959 vel
256 2911 317 2976 per
341 2913 376 2958 oe
399 2895 577 2959 scribenda
600 2895 686 2975 sint,
712 2894 798 2958 dabo
823 2910 961 2974 operam
984 2890 1208 2978 (quamquam
1231 2908 1299 2956 non
1324 2892 1364 2956 ad

116 3009 204 3073 hanc
236 3008 475 3090 grammatices
506 3013 657 3091 partem,
691 3025 812 3089 nempe
842 3007 1072 3088 prosoediam,
1099 3006 1160 3072 sed
1185 3007 1227 3071 ad
1252 3006 1365 3071 ortho-

116 3125 292 3206 graphiam
327 3125 492 3207 pertinet)
527 3129 566 3189 ut
600 3143 687 3205 quae
723 3125 873 3188 maxime
907 3125 941 3187 in
974 3141 1040 3188 usu
1070 3122 1298 3203 loquentium,
1330 3126 1366 3186 et

117 3244 192 3306 tum
215 3257 317 3322 prosa
340 3243 415 3306 tum
439 3241 587 3305 carmine
611 3240 832 3305 scribentium
856 3241 939 3304 sunt
963 3255 1082 3319 voceS,
1108 3241 1202 3303 certo
1219 3238 1364 3318 quodam

115 3355 232 3421 ordine
267 3374 327 3437 per
362 3356 508 3422 Tabulas
539 3357 744 3436 digerantur.
792 3357 858 3437 Tu,
890 3372 992 3436 puer,
1024 3359 1144 3434 satage
1173 3370 1241 3417 non
1265 3353 1364 3417 modo

116 3472 151 3536 in
174 3473 340 3553 carmine,
364 3471 424 3536 sed
449 3472 553 3536 etiam
576 3473 610 3535 in
635 3489 736 3553 prosa
758 3471 937 3536 scribenda
952 3486 1011 3535 eas
1028 3470 1219 3534 observare.
1246 3467 1364 3547 Neque

116 3588 208 3652 enim
242 3588 355 3652 minus
391 3587 585 3667 arguendus
619 3604 657 3652 es
693 3588 722 3651 si
757 3604 817 3669 pro
849 3587 1056 3668 diphthongo
1087 3584 1363 3664 monophtongon

115 3703 244 3768 scribas
279 3720 380 3784 quam
416 3704 443 3767 si
479 3703 567 3783 quod
598 3703 720 3784 duplici
751 3705 960 3766 consonante
984 3700 1199 3765 scribendum
1223 3699 1363 3780 simplici

116 3819 252 3901 pingas,
291 3822 354 3883 aut
392 3820 593 3900 aspirandae
633 3820 740 3885 vocali
781 3836 848 3883 non
884 3819 1024 3899 aspires.
1071 3816 1160 3880 Nam
1194 3815 1268 3879 sive
1303 3832 1364 3895 pro

116 3933 234 3998 haereo
268 3934 397 3998 scribas
432 3934 530 3998 hereo
566 3938 602 3999 et
636 3951 696 4015 pro
732 3933 827 3997 i'oelix
860 3932 936 3997 felix
960 3931 1115 4011 neglecta
1138 3931 1362 4012 diphthongo,

114 4049 189 4113 sive
224 4065 284 4130 pro
318 4051 385 4115 scio
415 4052 483 4130 sio,
519 4053 581 4114 aut
615 4067 675 4131 pro
712 4049 830 4113 holcus
854 4049 951 4112 ulcus
975 4047 1130 4127 neglecta
1153 4049 1363 4111 consonante

116 4164 171 4229 vel
194 4165 417 4247 aspiratione,
442 4167 514 4247 pari
538 4167 669 4231 ratione
695 4166 859 4230 barbarus
882 4163 1114 4229 iudicaberis‘’.

160 4279 288 4345 Deinde
319 4285 511 4361 sequnntur
541 4282 691 4362 Regulae
722 4285 758 4345 et
785 4281 942 4345 Tabulae.
989 4279 1119 4360 Regula
1142 4277 1290 4343 secunda
1315 4277 1362 4341 sic

114 4395 235 4460 habet:
273 4396 462 4463 Genetivus
497 4399 533 4462 et
567 4398 706 4462 dativus
737 4398 933 4477 singularis,
965 4397 1048 4459 item
1072 4394 1303 4459 nominativus
1328 4397 1364 4457 et

115 4511 295 4577 vocativus
320 4513 457 4592 pluralis
481 4514 609 4594 primae
633 4512 866 4577 declinationis
889 4513 923 4576 in
947 4529 985 4576 oc
1008 4511 1186 4589 desinunt,
1207 4512 1247 4572 ut
1262 4509 1362 4572 huius

113 4630 150 4691 et
173 4627 251 4692 huic
275 4645 394 4694 musae
419 4634 455 4694 et
469 4630 534 4694 hae
552 4646 681 4694 musae.
713 4629 838 4715 (Saepe
855 4632 972 4691 tamen
989 4627 1094 4690 etiam
1109 4626 1144 4689 in
1161 4623 1361 4705 Macropedii
