3270 5310
861 388 924 451 178

393 581 443 646 Ne
475 580 576 645 simul
601 583 637 644 et
661 580 758 644 illum
781 583 818 644 et
840 580 911 644 hos.
938 579 987 644 Ut
1010 582 1125 645 omnia
1148 580 1288 645 evoluta
1311 582 1521 662 conspicor?

392 697 470 762 Heu
495 713 548 760 me
574 696 819 760 miserrimum!
845 695 950 760 Deest
973 696 1198 761 summarium
1221 696 1412 778 peculium,

339 869 344 880 .
393 813 492 877 Basis
515 811 704 875 senectutis
728 828 824 875 meae
847 814 951 891 atque
976 814 1054 890 post
1077 811 1211 876 labores
1233 812 1374 876 unicum

392 929 495 994 Vitae
520 944 615 992 meae
638 926 809 991 solatium.
836 925 922 1005 Quid
947 929 1057 991 restat
1080 926 1148 991 heu
1172 927 1253 990 mihi
1278 927 1404 992 misero

392 1045 466 1110 Nisi
491 1044 593 1108 triste
618 1041 917 1107 mendicabulum?
941 1042 968 1106 0
992 1043 1086 1108 cives
1110 1042 1292 1107 miserrimi
1315 1043 1427 1124 seniS,

392 1159 615 1224 Miserescitel
652 1157 835 1223 Prnuocun.
866 1156 979 1239 Heus,
1005 1159 1051 1222 mi
1074 1158 1141 1232 vir.
1167 1157 1335 1238 quidhoc
1359 1159 1520 1224 clamoris

1123 1277 1204 1339 aute
1228 1275 1291 1340 hoc
1315 1276 1473 1340 ostium?

393 1390 477 1470 Quid
501 1389 651 1454 accidit?
675 1389 777 1454 Rusr.
803 1387 892 1452 Perii
917 1389 1036 1453 miser!
1062 1390 1246 1455 Prnuocun.
1260 1388 1518 1469 Quamobrem?

1003 1505 1104 1570 Rusn.
1132 1505 1201 1586 Ego
1224 1505 1330 1571 occidi
1355 1506 1472 1572 virum

338 1674 344 1689 .
392 1622 620 1686 Miserrimus!
668 1620 852 1686 Puuocns.
878 1619 964 1699 Quid
988 1620 1078 1686 hoc?
1095 1620 1209 1686 virum
1225 1621 1408 1686 occidisti?
1433 1621 1518 1686 Erat

1281 1737 1473 1802 consultior

392 1852 484 1932 Fuga
508 1852 569 1915 tibi
594 1869 696 1932 quam
719 1851 854 1916 clamor.
903 1851 1005 1916 Rusr.
1030 1851 1099 1931 Ego
1123 1868 1191 1916 non
1213 1851 1336 1932 occidi,
1353 1855 1392 1916 at
1407 1854 1516 1917 occidi

310 1953 313 1961 ’
1348 1968 1472 2051 miser,

390 2083 519 2149 Mulier.
544 2082 630 2161 Quia
653 2083 698 2147 ibi
723 2083 921 2148 desederam
945 2083 1046 2163 paulo
1069 2084 1163 2163 prius
1187 2085 1386 2166 pecuniam,

391 2199 456 2264 Mei
481 2198 606 2263 laboris
629 2198 758 2279 precia,
783 2203 1044 2280 numeramus,
1068 2199 1197 2264 adeunt
1221 2199 1340 2279 perfidi

389 2316 442 2380 Me
466 2314 513 2379 nil
539 2314 618 2378 mali
643 2316 718 2378 tum
743 2313 977 2393 suspicantem
995 2314 1061 2379 duo
1077 2315 1270 2380 scholastici
1287 2316 1342 2401 (ut
1358 2320 1516 2395 autumo)

335 2485 341 2497 .
390 2430 540 2510 Quorum
556 2429 645 2495 alter
660 2429 716 2517 (ut
732 2429 855 2494 blande
872 2429 1035 2509 locutust)
1052 2447 1132 2495 mox
1149 2430 1342 2511 Philippum
1356 2434 1515 2513 surpuit;

388 2545 496 2624 Quem
520 2546 601 2610 dum
625 2545 780 2626 fugacem
804 2561 988 2626 persequor
1012 2546 1110 2611 venit
1133 2546 1277 2611 alterae
1293 2549 1404 2612 totam
1422 2551 1516 2629 rapit

285 2740 304 2750 -
387 2661 491 2726 Vitae
516 2678 611 2725 meae
635 2661 876 2728 substantiam.
912 2660 1012 2726 Pnnn.
1038 2670 1158 2750 Τιχναὶ
1182 2666 1354 2748 Καβίσκου
1378 2672 1417 2749 νὴ
1436 2669 1513 2732 Δία.

388 2776 490 2842 Rosr.
517 2775 601 2855 Quid
625 2776 692 2857 ais,
717 2777 827 2855 puer?
858 2776 958 2841 Pnrn.
984 2778 1030 2841 Te
1047 2777 1185 2858 inquam
1203 2778 1383 2844 misellum.
1409 2779 1514 2845 Rusr.

1069 2892 1125 2957 Nil
1149 2893 1302 2973 proiecto
1326 2895 1468 2960 certius.

387 3008 452 3074 seu
478 3025 579 3088 quem
604 3009 735 3072 cibabas
758 3008 793 3072 in
818 3011 878 3073 tuo
902 3024 1058 3073 sermone
1082 3009 1260 3090 peregrino
1283 3010 1382 3076 refer.

333 3176 339 3190 .
388 3123 495 3203 Quem
512 3126 552 3189 tu
569 3123 651 3187 mihi
664 3124 831 3188 Cabisco?
848 3123 927 3204 quid
941 3123 1089 3188 ridetis?
1113 3123 1213 3190 Pnrn.
1239 3131 1285 3191 Or
1299 3137 1369 3192 νοιῖ
1380 3134 1526 3218 στύπος.Ι

386 3239 489 3304 Rusr.
516 3238 677 3318 Quisnam
696 3240 849 3322 Stypos?
864 3240 953 3304 Num
971 3243 1089 3305 vestra
1105 3240 1136 3304 id
1149 3243 1266 3305 actum
1279 3242 1512 3308 conscientia?

1305 3355 1388 3434 Quis
1412 3357 1467 3422 hic

337 3523 339 3528 .
387 3470 559 3551 Stypost?
606 3469 789 3536 Pmnocnn.
815 3470 881 3535 Abi
904 3470 997 3550 hinc,
1023 3470 1170 3553 Stypos,
1194 3475 1336 3537 tuamne
1360 3489 1424 3538 uos

1159 3587 1340 3667 pecuniam
1366 3588 1511 3670 exiges?

385 3702 450 3765 Abi
474 3702 570 3782 hinc,
595 3719 700 3766 senex
725 3701 847 3766 delirel
873 3701 943 3766 Nos
967 3705 1094 3766 scimus
1117 3704 1216 3767 tuam
1239 3702 1444 3783 pecuniam?

385 3816 541 3897 Pulsate,
566 3819 764 3899 verberate,
789 3817 919 3882 trudite
943 3817 1059 3896 procul
1083 3818 1137 3881 his
1160 3819 1202 3883 ab
1226 3818 1384 3883 aedibus!

332 3987 336 3996 .
385 3932 551 3998 Pnrnnau.
577 3932 688 4016 laces,
712 3951 818 3998 senex
842 3933 974 3998 delire?
998 3933 1064 3997 Abi
1090 3950 1196 4016 ocyus
1218 3935 1295 3999 hinc
1319 3935 1374 4000 vel
1398 3936 1441 4000 ad

1221 4066 1360 4131 corvom
1386 4051 1442 4116 vel
1466 4053 1508 4116 ad

385 4163 456 4227 Tua
480 4163 712 4243 sterquilinia!
737 4165 793 4228 An
817 4167 898 4229 tuae
922 4165 1086 4243 pecuniae
1111 4182 1173 4229 uos
1196 4182 1319 4247 argues

385 4278 517 4343 Fures?
542 4279 625 4343 Abit
647 4296 780 4360 socors,
805 4284 841 4345 et
865 4284 905 4346 ut
929 4285 1040 4346 meret
1062 4281 1136 4347 luto
1160 4281 1256 4346 foede
1281 4281 1417 4347 oblitus,

385 4393 430 4468 0,
448 4396 578 4474 quanta
589 4394 698 4477 lucra,
713 4400 842 4476 quanta
854 4399 1031 4463 commoda
1044 4415 1192 4479 opesque
1205 4414 1286 4461 mox
1298 4397 1508 4462 videbimus!

383 4508 485 4576 Rusr.
520 4508 606 4588 Quid
629 4528 728 4591 agam
754 4515 947 4591 querarve?
972 4513 1044 4593 Quo
1069 4514 1172 4578 miser
1196 4530 1250 4578 me
1274 4515 1409 4578 vertam
1434 4514 1509 4593 opis

1202 4629 1301 4693 modo
1324 4627 1463 4709 gratia?
