3270 5310
782 399 845 463 170

430 650 564 727 Actus
602 648 771 726 tertius
847 645 1013 725 Scaena
1049 619 1190 725 tertia.

602 1002 774 1067 Gnarus.
821 1000 1021 1066 Mnemon.

312 1171 366 1236 Nil
389 1171 470 1235 mibi
493 1170 571 1236 boni
596 1186 761 1252 praesaga
785 1187 883 1235 mons
907 1170 948 1234 de
974 1170 1040 1234 filio

188 1288 263 1352 595.
311 1287 503 1368 Promittit,
527 1303 597 1351 una
619 1287 686 1350 heu
711 1287 822 1349 mater
844 1285 879 1349 in
903 1285 1001 1366 culpa
1025 1290 1095 1363 cst,
1120 1302 1219 1350 suain

311 1403 460 1468 Demens
484 1419 544 1482 per
567 1401 829 1481 indulgentiam,
854 1400 944 1480 quod
967 1400 1122 1465 funditus

311 1519 555 1600 corrumpitur.
603 1517 637 1582 Si
662 1517 795 1582 obnitar
817 1517 862 1581 illi
885 1520 947 1581 aut
969 1534 1129 1599 arguam,

312 1634 391 1699 Mox
415 1634 523 1716 gliscit
547 1634 660 1699 odium
684 1637 720 1698 61
742 1632 887 1713 iurgium
911 1636 947 1696 61
972 1633 1130 1698 turbatio.
1177 1634 1227 1697 At

313 1749 396 1829 Quid
422 1749 455 1813 in
480 1751 567 1814 ostio
590 1749 690 1830 ipsa?
737 1748 896 1814 Proiecto
920 1752 1003 1813 sunt
1026 1765 1113 1828 quac
1137 1765 1205 1813 non
1230 1749 1319 1812 satis

259 1921 263 1930 .
312 1866 454 1931 Cessero
478 1865 508 1930 61
531 1882 575 1929 ex
599 1864 788 1943 sententia,
813 1864 928 1946 pallori
952 1864 1044 1928 enim

312 1981 438 2046 Vultus
462 1982 563 2045 rubor·
586 1981 772 2061 permistus
795 1979 885 2044 istuc
908 1980 1045 2044 indicat.

312 2095 397 2176 Quid
421 2096 636 2178 pestilentius
661 2096 734 2160 viro
758 2096 804 2159 sit
827 2094 966 2176 pacifico

312 2213 450 2278 Muliere
474 2213 588 2277 mala?
612 2228 681 2276 non
704 2211 857 2293 aspides,
883 2227 950 2274 non
974 2210 1123 2291 tigrides

312 2328 394 2394 Mus,
420 2328 543 2410 impie,
568 2331 728 2410 cruente,
752 2326 839 2391 edax
864 2329 1002 2391 tuorum
1026 2326 1212 2396 viscerum,

258 2497 264 2510 .
313 2444 397 2524 Quid
421 2445 455 2508 in
480 2461 594 2509 meum
618 2446 761 2525 gnatum
786 2446 864 2508 tuos
888 2442 1020 2507 animos
1045 2444 1159 2506 truces

311 2561 384 2624 lam
408 2559 600 2640 prodidisti,
625 2563 665 2624 ut
688 2560 796 2624 instar
820 2558 959 2640 pecudis
982 2557 1102 2623 redeat
1124 2557 1188 2622 buc

312 2675 503 2740 Laniatus?
550 2677 605 2738 An
629 2677 774 2755 paterna
798 2691 895 2738 mens
920 2677 992 2738 tam
1016 2674 1101 2738 dura
1124 2673 1186 2746 sit,

313 2791 361 2855 Ut
385 2791 489 2855 filiurn
513 2808 615 2855 suum
638 2791 723 2855 adeo
747 2789 889 2870 discerpi
914 2790 1013 2872 velit,

313 2907 358 2970 Te
382 2909 519 2987 praeter
542 2923 649 2971 unum
672 2907 706 2969 in
730 2906 865 2970 beluam
888 2904 1114 2970 mutabilem?

203 3026 210 3043 ’
259 3077 264 3087 .
313 3021 396 3088 Gau.
422 3022 537 3103 Uxor,
562 3022 631 3086 tuis
655 3021 830 3085 moderare
854 3021 993 3102 paulum
1017 3020 1213 3100 affectibus,

313 3138 600 3217 sermonibusque
623 3137 784 3203 brevibus
808 3154 927 3202 aurem
950 3138 1177 3202 accommoda.

314 3254 387 3318 Scis
410 3272 469 3318 cur
493 3271 577 3333 puer
600 3270 785 3334 percussus
809 3254 889 3318 est?
913 3252 992 3333 quid
1016 3252 1160 3318 fecerit?

312 3368 388 3433 Non
413 3385 473 3449 pro
496 3368 648 3433 leviculis
672 3373 733 3433 aut
757 3369 955 3434 minusculis
978 3369 1083 3455 (quod
1108 3371 1144 3434 61

312 3484 484 3549 Fortassis
507 3484 697 3563 arbitraris)
720 3485 773 3548 his
797 3485 942 3549 allectus
966 3487 1022 3549 est

203 3604 209 3622 ⁸
237 3602 264 3666 '.
312 3600 440 3682 Plagis,
465 3601 525 3665 sed
550 3601 591 3664 ob
615 3600 808 3678 mendacia,
834 3603 875 3666 ob
899 3601 1009 3683 furta,
1034 3600 1076 3665 ob
1101 3600 1190 3664 mala

313 3716 440 3781 Furum
464 3716 636 3797 sodalitia,
662 3716 863 3796 quibuscum
887 3717 921 3780 in
945 3733 1052 3797 ganeo

312 3831 491 3896 Vorsarier
514 3831 647 3914 didicit,
672 3831 871 3911 scholasque
897 3833 1065 3898 omittere.

313 3948 361 4012 Ea
383 3951 523 4029 propter
545 3947 658 4011 istunc
682 3946 738 4034 (ut
761 3947 919 4036 decebat)
942 3947 1062 4011 ulmeis

314 4063 414 4127 Caedi
438 4062 570 4145 flagris,
594 4079 663 4126 non
686 4062 822 4142 ungulis
845 4062 1046 4145 discerpier,

259 4228 265 4241 .
314 4176 566 4242 Mandaveram.
613 4177 651 4240 Id
676 4177 887 4242 crudelitatis
910 4178 1043 4258 arguta,

313 4291 351 4355 ld
374 4291 531 4372 impium,
556 4292 588 4355 id
613 4291 669 4356 vel
691 4292 866 4357 beluinum
888 4293 1017 4357 iudicas

314 4406 349 4471 Si
375 4407 416 4472 ob
440 4407 569 4471 scelera
592 4424 656 4471 sua
679 4423 763 4486 puer
786 4409 920 4488 parenti
944 4408 1110 4488 vapulet?

313 4523 389 4588 Non
413 4523 476 4588 boo
500 4524 606 4587 sacris
628 4523 760 4588 iussum
785 4527 821 4587 61
844 4523 1026 4604 prophanis
1049 4524 1206 4604 legibus?

314 4640 387 4703 Non
413 4655 578 4721 aequum,
601 4638 786 4704 honestum
809 4643 846 4703 61
869 4639 998 4719 patriae
1023 4638 1283 4704 assuetudinis?
