3270 5310
791 393 833 456 22

190 589 348 669 demtus,
372 588 485 668 aliqua
508 604 551 652 ex
575 589 672 668 parte
697 586 855 651 Terentio
879 586 1131 668 Macropedium
1154 590 1333 669 praestare
1359 588 1449 654 iudi-

190 707 247 767 cat
264 702 298 790 ¹).
345 702 411 767 Sed
446 704 527 767 utut
560 701 624 766 hoo
659 718 697 766 se
728 701 850 781 habet,
882 703 1052 767 sermonis
1081 705 1174 767 00110
1203 703 1384 769 suavitate
1408 706 1449 769 et

188 819 320 899 lepore,
345 834 508 883 versuum
532 817 642 881 nitore
665 820 702 881 et
717 816 886 897 elegantia
902 835 981 881 curn
997 817 1147 898 antiquis
1162 818 1300 883 comicis
1316 836 1448 900 nequa-

189 949 293 1013 quam
325 932 551 997 conferendus
581 931 661 995 mihi
685 931 822 1011 quidem
846 932 995 998 videtur.
1042 931 1137 1013 Quod
1161 949 1263 998 nemo
1286 934 1446 1016 profecto

189 1049 218 1113 ei
252 1047 479 1129 exprobrabit.
527 1047 646 1127 Neque
677 1048 768 1112 enim
799 1047 964 1112 Helicona
987 1048 1054 1112 iam
1078 1047 1214 1113 habitat
1236 1048 1443 1131 Macropedii

190 1181 308 1246 musa,
339 1164 399 1229 sed
431 1180 604 1228 armorum
634 1163 781 1244 strepitu
814 1166 850 1228 et
878 1163 1032 1244 gentium
1055 1164 1256 1229 immanium
1280 1167 1318 1229 et
1339 1164 1446 1229 incul-

191 1283 323 1361 tarum,
355 1296 442 1361 quae
466 1280 576 1344 omnis
599 1279 824 1344 humanitatis
848 1282 1010 1360 expertes
1033 1279 1261 1362 pulcherrima
1284 1297 1445 1361 quaeque

190 1396 350 1461 delebant
372 1398 407 1460 et
432 1395 650 1467 evertebant,
675 1395 851 1460 invasione
875 1396 1043 1460 exterrita
1064 1395 1153 1477 rugit
1175 1399 1212 1461 et
1227 1400 1308 1478 post
1322 1396 1446 1477 longos

191 1527 323 1576 errores
346 1513 382 1576 et
405 1511 519 1576 varios
539 1527 640 1575 casus
656 1511 797 1575 taudem
812 1511 847 1574 in
864 1512 1076 1576 Batavorum
1094 1510 1285 1576 maritimos
1301 1527 1446 1593 campos

191 1625 331 1691 devenit
387 1626 528 1691 Plenam
551 1630 667 1691 tamen
692 1626 860 1691 Castaliae
884 1642 993 1706 aquae
1017 1643 1140 1691 urnam
1161 1644 1240 1691 oum
1256 1627 1310 1708 pie
1322 1643 1444 1692 secum

84 1831 86 1836 ,
191 1741 390 1807 abstulisset
414 1758 474 1823 per
497 1742 585 1823 longi
608 1746 645 1806 et
668 1742 807 1806 difficilis
830 1742 962 1807 itineris
985 1742 1134 1823 pericula
1155 1758 1243 1807 urna
1265 1741 1446 1807 confracta

192 1858 299 1922 maior
321 1873 401 1938 pars
424 1873 533 1937 aquae
555 1856 691 1921 effluxit
707 1874 769 1922 nec
785 1858 849 1922 nisi
866 1858 1030 1938 pauculae
1047 1861 1167 1939 guttae
1185 1857 1442 1939 superfuerunt

192 1971 284 2053 Quas
312 1973 367 2039 oui
397 1973 496 2038 daret
523 1981 705 2054 postquam
729 1973 936 2054 aliquamdiu
960 1973 1204 2055 circumspexit
1227 1973 1445 2056 Macropedio

193 2088 408 2170 potissimum
435 2088 559 2153 obtulit
581 2088 796 2154 hauriendas.
844 2089 972 2155 Deinde
997 2106 1079 2154 vero
1103 2088 1196 2154 facta
1218 2092 1274 2154 est
1296 2094 1445 2155 sanast

193 2205 335 2270 robusta
357 2203 557 2269 Hollandioa
579 2204 707 2285 puella,
731 2222 798 2269 non
821 2208 1007 2270 invenusta
1023 2205 1079 2270 illa
1094 2203 1232 2285 quidem
1248 2207 1444 2271 nectamen

191 2320 462 2402 elegantissima,
491 2319 636 2401 simplex
663 2327 700 2385 et
723 2321 884 2402 candida,
908 2321 1024 2386 hilaris
1049 2324 1087 2386 et
1109 2321 1240 2399 iocosa,
1263 2336 1328 2386 neo
1351 2320 1445 2385 fasti-

190 2436 286 2501 diosa
319 2453 382 2501 100
416 2437 581 2517 superba,
615 2454 704 2517 quae
738 2437 1007 2502 Bacchanalibus
1043 2454 1121 2503 cum
1156 2437 1325 2502 matronis
1355 2436 1444 2503 Burr-

189 2551 349 2617 schoticis
371 2552 463 2616 laeta
487 2552 607 2617 choros
630 2553 741 2634 ducit,
766 2571 845 2617 curn
867 2552 1042 2634 discipulis
1066 2551 1302 2634 petulantibus
1317 2568 1444 2633 graves

191 2671 227 2732 01
256 2684 397 2733 severos
429 2668 611 2747 magistros
642 2669 759 2734 irridet
782 2672 819 2734 01
842 2669 1050 2750 ludificatur,
1074 2667 1212 2733 callidas
1235 2670 1273 2733 01
1295 2667 1444 2733 lascivas

191 2784 427 2849 meretriculas
469 2785 611 2850 adiuvat
649 2785 878 2850 amatorculos
912 2784 1086 2850 blanditiis
1119 2783 1193 2849 suis
1226 2783 1443 2861 irretientes,

191 2898 397 2965 sacrificulos
416 2901 570 2965 sordidos
586 2903 647 2965 aut
662 2901 863 2966 mulierosos
878 2901 1034 2981 exagitat
1049 2903 1086 2965 et
1101 2900 1311 2981 insectatur,
1327 2899 1444 2981 iurgiis

192 3018 228 3079 et
250 3015 410 3080 conviciis
434 3017 577 3097 gaudet,
602 3033 745 3082 uxorem
770 3019 888 3081 contra
913 3016 1075 3081 maritum
1091 3014 1315 3081 rebellantem
1330 3015 1444 3080 cohor·

192 3134 288 3195 tatur
321 3133 358 3195 01
391 3132 522 3198 1101101.
568 3132 697 3197 Eadem
732 3136 868 3213 tamen,
904 3133 960 3213 pia
983 3135 1020 3197 et
1043 3131 1216 3213 religiosa,
1240 3147 1302 3213 per
1325 3130 1443 3212 longas

192 3250 312 3311 noctes
346 3247 511 3312 hiemales
546 3248 588 3312 ad
620 3264 747 3329 parvae
778 3249 938 3313 lucernae
965 3249 1080 3313 lumen
1113 3263 1230 3313 000100
1254 3246 1443 3329 scripturas

192 3362 309 3427 sedulo
340 3363 474 3428 lectitat
497 3364 610 3445 pueris
634 3364 873 3445 explicandas,
899 3366 1048 3429 Asotum
1072 3362 1170 3428 nobis
1193 3362 1347 3428 ostendit
1370 3379 1443 3444 poe·

193 3478 338 3542 nitentia
368 3479 409 3542 ad
443 3481 576 3559 patrem
607 3480 785 3562 reducem,
813 3480 996 3561 losephum
1019 3479 1179 3561 proponit
1201 3477 1385 3559 pudicitiae
1408 3481 1443 3543 et

193 3594 364 3659 castitatis
387 3594 599 3675 exemplum,
624 3595 849 3676 Laomargum
872 3595 1054 3660 helnonem
1078 3595 1203 3659 durum
1219 3597 1256 3658 01
1270 3591 1442 3659 crudelem

193 3708 317 3774 merita
349 3726 460 3790 poena
490 3709 575 3775 allici
607 3711 750 3792 gaudet,
782 3729 860 3776 curn
891 3711 1095 3793 Hypomone
1120 3710 1264 3774 miseros
1287 3708 1442 3774 homines

194 3824 403 3906 aegritudine
427 3824 573 3890 afflictos
596 3827 744 3901 solatur,
760 3826 952 3891 Heoastum
968 3825 1089 3890 mortis
1105 3824 1285 3890 formidine
1302 3825 1442 3889 anxium

194 3941 289 4022 gravi
311 3940 454 4021 alloquio
478 3941 674 4024 confirmat,
699 3946 802 4022 atque
825 3944 858 4005 in
884 3943 1041 4007 omnibus
1063 3940 1214 4006 lesulum
1229 3956 1332 4005 suum
1348 3944 1444 4006 amat

195 4073 329 4137 semper
348 4060 384 4121 et
400 4061 586 4122 veneratur
601 4058 741 4138 eiusque
759 4062 904 4122 matrem
921 4058 1085 4123 Sanctam
1101 4056 1243 4122 Mariam
1256 4054 1441 4138 Virginem.

196 4174 311 4252 utque
335 4176 373 4237 ut
397 4176 453 4236 001
475 4172 549 4252 ipsa.
571 4172 716 4255 simplex
739 4177 776 4238 et
799 4174 943 4237 candida
965 4174 1013 4237 ita
1037 4175 1120 4237 0111
1142 4188 1185 4237 00
1207 4187 1295 4252 quae
1321 4175 1442 4252 poetae

195 4305 258 4352 suo
293 4288 444 4368 suggerit
479 4289 666 4355 scribenda.
714 4289 864 4369 Simplex
900 4292 955 4354 ost
986 4289 1075 4353 enim
1103 4303 1217 4352 sermo
1240 4285 1442 4368 Macropedii

235 4535 257 4599 ¹)
277 4536 325 4588 An
351 4534 579 4591 unmittelbaror
597 4536 699 4607 Kraft‚
719 4550 758 4591 an
778 4536 855 4591 Tiefe
874 4536 926 4591 dor
944 4536 1134 4604 Stinrmung,
1152 4535 1229 4590 auch
1247 4533 1300 4589 der
1317 4532 1434 4589 cheralt

197 4630 317 4685 teristilr
336 4631 486 4688 iibertrifft
503 4647 549 4698 01,
568 4634 626 4688 wie
646 4634 705 4688 mir
723 4634 855 4697 schoint,
874 4633 968 4688 selbst
985 4633 1043 4688 den
1062 4633 1180 4688 Teroua
