<?xml version="1.0" encoding="UTF-8"?>
<!DOCTYPE html PUBLIC "-//W3C//DTD XHTML 1.0 Transitional//EN"
    "http://www.w3.org/TR/xhtml1/DTD/xhtml1-transitional.dtd">
<html xmlns="http://www.w3.org/1999/xhtml" xml:lang="en" lang="en">
 <head>
  <title>
</title>
<meta http-equiv="Content-Type" content="text/html;charset=utf-8" />
  <meta name='ocr-system' content='tesseract 3.04.00' />
  <meta name='ocr-capabilities' content='ocr_page ocr_carea ocr_par ocr_line ocrx_word'/>
</head>
<body>
  <div class='ocr_page' id='page_1' title='image "./dedictionegeorg00macrgoog_0021.png"; bbox 0 0 3270 5310; ppageno 0'>
   <div class='ocr_carea' id='block_1_1' title="bbox 812 405 831 468">
    <p class='ocr_par' dir='ltr' id='par_1_1' title="bbox 812 405 831 468">
     <span class='ocr_line' id='line_1_1' title="bbox 812 405 831 468; baseline 0 0"><span class='ocrx_word' id='word_1_1' title='bbox 812 405 831 468; x_wconf 78' lang='grc'>2</span> 
     </span>
    </p>
   </div>
   <div class='ocr_carea' id='block_1_2' title="bbox 373 596 1168 957">
    <p class='ocr_par' dir='ltr' id='par_1_2' title="bbox 373 596 1131 749">
     <span class='ocr_line' id='line_1_2' title="bbox 373 596 1131 652; baseline 0 -1"><span class='ocrx_word' id='word_1_2' title='bbox 373 596 500 651; x_wconf 86' lang='lat' dir='ltr'><strong>Palladis</strong></span> <span class='ocrx_word' id='word_1_3' title='bbox 518 599 572 651; x_wconf 87' lang='lat' dir='ltr'><strong>aut</strong></span> <span class='ocrx_word' id='word_1_4' title='bbox 591 598 693 652; x_wconf 85' lang='lat' dir='ltr'><strong>doctae</strong></span> <span class='ocrx_word' id='word_1_5' title='bbox 712 612 862 651; x_wconf 88' lang='lat' dir='ltr'><strong>mammas</strong></span> <span class='ocrx_word' id='word_1_6' title='bbox 881 598 1000 651; x_wconf 90' lang='lat' dir='ltr'><strong>suxisse</strong></span> <span class='ocrx_word' id='word_1_7' title='bbox 1021 597 1131 651; x_wconf 85' lang='lat' dir='ltr'><strong>videris</strong></span> 
     </span>
     <span class='ocr_line' id='line_1_3' title="bbox 409 694 1099 749; baseline 0.001 -1"><span class='ocrx_word' id='word_1_8' title='bbox 409 696 472 749; x_wconf 87' lang='lat' dir='ltr'><strong>Aut</strong></span> <span class='ocrx_word' id='word_1_9' title='bbox 491 709 563 749; x_wconf 88' lang='lat' dir='ltr'><strong>sane</strong></span> <span class='ocrx_word' id='word_1_10' title='bbox 583 695 750 748; x_wconf 88' lang='lat' dir='ltr'><strong>humanum</strong></span> <span class='ocrx_word' id='word_1_11' title='bbox 771 694 949 748; x_wconf 76' lang='lat' dir='ltr'><strong>transiliisse</strong></span> <span class='ocrx_word' id='word_1_12' title='bbox 969 695 1099 749; x_wconf 91' lang='lat' dir='ltr'><strong>modum.</strong></span> 
     </span>
    </p>

    <p class='ocr_par' dir='ltr' id='par_1_3' title="bbox 373 791 1168 957">
     <span class='ocr_line' id='line_1_4' title="bbox 373 791 1168 859; baseline -0.003 -12"><span class='ocrx_word' id='word_1_13' title='bbox 373 791 449 859; x_wconf 83' lang='lat' dir='ltr'><strong>Quin</strong></span> <span class='ocrx_word' id='word_1_14' title='bbox 469 792 608 846; x_wconf 85' lang='lat' dir='ltr'><strong>habuisse</strong></span> <span class='ocrx_word' id='word_1_15' title='bbox 627 792 701 846; x_wconf 86' lang='lat' dir='ltr'><strong>sacri</strong></span> <span class='ocrx_word' id='word_1_16' title='bbox 722 792 792 859; x_wconf 89' lang='lat' dir='ltr'><strong>quid</strong></span> <span class='ocrx_word' id='word_1_17' title='bbox 812 791 909 846; x_wconf 88' lang='lat' dir='ltr'><strong>nescio</strong></span> <span class='ocrx_word' id='word_1_18' title='bbox 930 792 1064 845; x_wconf 90' lang='lat' dir='ltr'><strong>numinis</strong></span> <span class='ocrx_word' id='word_1_19' title='bbox 1082 791 1168 846; x_wconf 91' lang='lat' dir='ltr'><strong>intus</strong></span> 
     </span>
     <span class='ocr_line' id='line_1_5' title="bbox 408 888 1076 957; baseline -0.004 -14"><span class='ocrx_word' id='word_1_20' title='bbox 408 888 559 957; x_wconf 82' lang='lat' dir='ltr'><strong>Arbitror,</strong></span> <span class='ocrx_word' id='word_1_21' title='bbox 579 889 616 943; x_wconf 87' lang='lat' dir='ltr'><strong>ad</strong></span> <span class='ocrx_word' id='word_1_22' title='bbox 636 889 736 943; x_wconf 82' lang='lat' dir='ltr'>Musas</span> <span class='ocrx_word' id='word_1_23' title='bbox 755 889 832 956; x_wconf 90' lang='lat' dir='ltr'><strong>quod</strong></span> <span class='ocrx_word' id='word_1_24' title='bbox 852 888 991 943; x_wconf 80' lang='lat' dir='ltr'><strong>reserarit</strong></span> <span class='ocrx_word' id='word_1_25' title='bbox 1009 888 1076 942; x_wconf 89' lang='lat' dir='ltr'><strong>iter.</strong></span> 
     </span>
    </p>
   </div>
   <div class='ocr_carea' id='block_1_3' title="bbox 193 1036 1450 1583">
    <p class='ocr_par' dir='ltr' id='par_1_4' title="bbox 193 1036 1450 1583">
     <span class='ocr_line' id='line_1_6' title="bbox 238 1036 1443 1119; baseline -0.001 -16"><span class='ocrx_word' id='word_1_26' title='bbox 238 1038 317 1103; x_wconf 80' lang='lat' dir='ltr'><strong>Fuit</strong></span> <span class='ocrx_word' id='word_1_27' title='bbox 347 1039 401 1103; x_wconf 88' lang='lat' dir='ltr'><strong>vir</strong></span> <span class='ocrx_word' id='word_1_28' title='bbox 431 1038 503 1101; x_wconf 88' lang='lat' dir='ltr'><strong>suis</strong></span> <span class='ocrx_word' id='word_1_29' title='bbox 535 1036 745 1117; x_wconf 78' lang='lat' dir='ltr'><strong>temporibus</strong></span> <span class='ocrx_word' id='word_1_30' title='bbox 777 1037 1002 1117; x_wconf 89' lang='lat' dir='ltr'><strong>clarissimus,</strong></span> <span class='ocrx_word' id='word_1_31' title='bbox 1035 1054 1080 1101; x_wconf 90' lang='lat' dir='ltr'><strong>ex</strong></span> <span class='ocrx_word' id='word_1_32' title='bbox 1108 1038 1204 1102; x_wconf 92' lang='lat' dir='ltr'><strong>cuius</strong></span> <span class='ocrx_word' id='word_1_33' title='bbox 1228 1037 1343 1102; x_wconf 89' lang='lat' dir='ltr'><strong>schola</strong></span> <span class='ocrx_word' id='word_1_34' title='bbox 1368 1055 1443 1119; x_wconf 89' lang='lat' dir='ltr'><strong>pro·</strong></span> 
     </span>
     <span class='ocr_line' id='line_1_7' title="bbox 193 1152 1450 1233; baseline 0 -14"><span class='ocrx_word' id='word_1_35' title='bbox 193 1155 330 1220; x_wconf 89' lang='lat' dir='ltr'><strong>dierunt</strong></span> <span class='ocrx_word' id='word_1_36' title='bbox 369 1153 466 1218; x_wconf 88' lang='lat' dir='ltr'><strong>multi</strong></span> <span class='ocrx_word' id='word_1_37' title='bbox 505 1156 540 1217; x_wconf 87' lang='lat' dir='ltr'><strong>et</strong></span> <span class='ocrx_word' id='word_1_38' title='bbox 576 1152 783 1217; x_wconf 79' lang='lat' dir='ltr'><strong>celeberrimi</strong></span> <span class='ocrx_word' id='word_1_39' title='bbox 819 1152 900 1233; x_wconf 87' lang='lat' dir='ltr'><strong>viri,</strong></span> <span class='ocrx_word' id='word_1_40' title='bbox 937 1156 1040 1232; x_wconf 88' lang='lat' dir='ltr'><strong>atque</strong></span> <span class='ocrx_word' id='word_1_41' title='bbox 1076 1152 1177 1229; x_wconf 88' lang='lat' dir='ltr'><strong>adeo,</strong></span> <span class='ocrx_word' id='word_1_42' title='bbox 1215 1157 1256 1217; x_wconf 90' lang='lat' dir='ltr'><strong>ut</strong></span> <span class='ocrx_word' id='word_1_43' title='bbox 1290 1156 1450 1219; x_wconf 91' lang='lat' dir='ltr'><strong>testatur</strong></span> 
     </span>
     <span class='ocr_line' id='line_1_8' title="bbox 194 1268 1449 1350; baseline 0 -15"><span class='ocrx_word' id='word_1_44' title='bbox 194 1272 431 1350; x_wconf 90' lang='lat' dir='ltr'><strong>Burmannus,</strong></span> <span class='ocrx_word' id='word_1_45' title='bbox 457 1285 576 1333; x_wconf 90' lang='lat' dir='ltr'><strong>omnes</strong></span> <span class='ocrx_word' id='word_1_46' title='bbox 599 1268 670 1332; x_wconf 85' lang='lat' dir='ltr'><strong>sere</strong></span> <span class='ocrx_word' id='word_1_47' title='bbox 695 1269 819 1332; x_wconf 85' lang='lat' dir='ltr'><strong>Batavi</strong></span> <span class='ocrx_word' id='word_1_48' title='bbox 843 1268 899 1347; x_wconf 91' lang='lat' dir='ltr'><strong>qui</strong></span> <span class='ocrx_word' id='word_1_49' title='bbox 922 1285 962 1332; x_wconf 92' lang='lat' dir='ltr'><strong>eo</strong></span> <span class='ocrx_word' id='word_1_50' title='bbox 983 1272 1136 1350; x_wconf 90' lang='lat' dir='ltr'><strong>tempore</strong></span> <span class='ocrx_word' id='word_1_51' title='bbox 1153 1269 1326 1335; x_wconf 87' lang='lat' dir='ltr'><strong>doctrinae</strong></span> <span class='ocrx_word' id='word_1_52' title='bbox 1343 1269 1449 1335; x_wconf 89' lang='lat' dir='ltr'><strong>laude</strong></span> 
     </span>
     <span class='ocr_line' id='line_1_9' title="bbox 193 1383 1450 1464; baseline 0.001 -13"><span class='ocrx_word' id='word_1_53' title='bbox 193 1387 393 1451; x_wconf 91' lang='lat' dir='ltr'><strong>floruerunt.</strong></span> <span class='ocrx_word' id='word_1_54' title='bbox 440 1384 707 1449; x_wconf 89' lang='lat' dir='ltr'><strong>Praedicabatur</strong></span> <span class='ocrx_word' id='word_1_55' title='bbox 731 1383 772 1448; x_wconf 90' lang='lat' dir='ltr'><strong>ab</strong></span> <span class='ocrx_word' id='word_1_56' title='bbox 789 1384 946 1448; x_wconf 87' lang='lat' dir='ltr'><strong>omnibus</strong></span> <span class='ocrx_word' id='word_1_57' title='bbox 961 1383 1141 1464; x_wconf 86' lang='lat' dir='ltr'><strong>singularis</strong></span> <span class='ocrx_word' id='word_1_58' title='bbox 1157 1385 1230 1449; x_wconf 89' lang='lat' dir='ltr'><strong>eius</strong></span> <span class='ocrx_word' id='word_1_59' title='bbox 1246 1385 1392 1450; x_wconf 82' lang='lat' dir='ltr'><strong>eruditio</strong></span> <span class='ocrx_word' id='word_1_60' title='bbox 1410 1390 1450 1452; x_wconf 88' lang='lat' dir='ltr'><strong>et</strong></span> 
     </span>
     <span class='ocr_line' id='line_1_10' title="bbox 193 1498 1450 1583; baseline 0 -17"><span class='ocrx_word' id='word_1_61' title='bbox 193 1501 369 1567; x_wconf 90' lang='lat' dir='ltr'><strong>recondita</strong></span> <span class='ocrx_word' id='word_1_62' title='bbox 402 1500 556 1565; x_wconf 90' lang='lat' dir='ltr'><strong>doctrina</strong></span> <span class='ocrx_word' id='word_1_63' title='bbox 583 1517 683 1583; x_wconf 89' lang='lat' dir='ltr'><strong>„nam</strong></span> <span class='ocrx_word' id='word_1_64' title='bbox 706 1503 843 1580; x_wconf 88' lang='lat' dir='ltr'><strong>praeter</strong></span> <span class='ocrx_word' id='word_1_65' title='bbox 866 1498 1025 1579; x_wconf 88' lang='lat' dir='ltr'><strong>latinam,</strong></span> <span class='ocrx_word' id='word_1_66' title='bbox 1050 1516 1223 1580; x_wconf 78' lang='lat' dir='ltr'><strong>graecam,</strong></span> <span class='ocrx_word' id='word_1_67' title='bbox 1248 1500 1450 1567; x_wconf 83' lang='lat' dir='ltr'><strong>hebraicam</strong></span> 
     </span>
    </p>
   </div>
   <div class='ocr_carea' id='block_1_4' title="bbox 88 1614 1449 1697">
    <p class='ocr_par' dir='ltr' id='par_1_5' title="bbox 88 1614 1449 1697">
     <span class='ocr_line' id='line_1_11' title="bbox 88 1614 1449 1697; baseline 0.001 -16"><span class='ocrx_word' id='word_1_68' title='bbox 88 1624 90 1630; x_wconf 85' lang='lat'>&#39;</span> <span class='ocrx_word' id='word_1_69' title='bbox 192 1634 233 1681; x_wconf 88' lang='lat' dir='ltr'><strong>ac</strong></span> <span class='ocrx_word' id='word_1_70' title='bbox 264 1616 471 1680; x_wconf 85' lang='lat' dir='ltr'><strong>chaldaicam</strong></span> <span class='ocrx_word' id='word_1_71' title='bbox 503 1631 589 1694; x_wconf 87' lang='lat' dir='ltr'><strong>quas</strong></span> <span class='ocrx_word' id='word_1_72' title='bbox 620 1614 765 1679; x_wconf 89' lang='lat' dir='ltr'><strong>callebat</strong></span> <span class='ocrx_word' id='word_1_73' title='bbox 792 1614 941 1695; x_wconf 79' lang='lat' dir='ltr'><strong>linguae,</strong></span> <span class='ocrx_word' id='word_1_74' title='bbox 965 1614 1218 1678; x_wconf 82' lang='lat' dir='ltr'><strong>mathematicis</strong></span> <span class='ocrx_word' id='word_1_75' title='bbox 1241 1615 1449 1697; x_wconf 86' lang='lat' dir='ltr'><strong>disciplinis,</strong></span> 
     </span>
    </p>
   </div>
   <div class='ocr_carea' id='block_1_5' title="bbox 192 1730 1451 2618">
    <p class='ocr_par' dir='ltr' id='par_1_6' title="bbox 192 1730 1451 2618">
     <span class='ocr_line' id='line_1_12' title="bbox 194 1730 1449 1811; baseline 0.001 -15"><span class='ocrx_word' id='word_1_76' title='bbox 194 1732 300 1797; x_wconf 89' lang='lat' dir='ltr'><strong>etiam</strong></span> <span class='ocrx_word' id='word_1_77' title='bbox 335 1731 378 1794; x_wconf 92' lang='lat' dir='ltr'><strong>ad</strong></span> <span class='ocrx_word' id='word_1_78' title='bbox 413 1731 564 1811; x_wconf 90' lang='lat' dir='ltr'><strong>ipsorum</strong></span> <span class='ocrx_word' id='word_1_79' title='bbox 599 1746 804 1810; x_wconf 80' lang='lat' dir='ltr'><strong>organorum</strong></span> <span class='ocrx_word' id='word_1_80' title='bbox 839 1730 1046 1809; x_wconf 81' lang='lat' dir='ltr'><strong>exquisitam</strong></span> <span class='ocrx_word' id='word_1_81' title='bbox 1077 1730 1257 1811; x_wconf 77' lang='lat' dir='ltr'><strong>fabricam,</strong></span> <span class='ocrx_word' id='word_1_82' title='bbox 1289 1731 1449 1798; x_wconf 86' lang='lat' dir='ltr'><strong>imbutus</strong></span> 
     </span>
     <span class='ocr_line' id='line_1_13' title="bbox 193 1846 1449 1935; baseline 0 -23"><span class='ocrx_word' id='word_1_83' title='bbox 193 1847 290 1913; x_wconf 87' lang='lat' dir='ltr'><strong>erat&#39;&#39;</strong></span> <span class='ocrx_word' id='word_1_84' title='bbox 309 1846 344 1935; x_wconf 89' lang='lat'><strong>¹).</strong></span> <span class='ocrx_word' id='word_1_85' title='bbox 370 1846 442 1911; x_wconf 89' lang='lat' dir='ltr'><strong>Nec</strong></span> <span class='ocrx_word' id='word_1_86' title='bbox 458 1847 566 1926; x_wconf 85' lang='lat' dir='ltr'><strong>magis</strong></span> <span class='ocrx_word' id='word_1_87' title='bbox 583 1850 699 1910; x_wconf 89' lang='lat' dir='ltr'><strong>tamen</strong></span> <span class='ocrx_word' id='word_1_88' title='bbox 716 1849 855 1926; x_wconf 89' lang='lat' dir='ltr'><strong>propter</strong></span> <span class='ocrx_word' id='word_1_89' title='bbox 872 1846 1032 1909; x_wconf 88' lang='lat' dir='ltr'><strong>eximiam</strong></span> <span class='ocrx_word' id='word_1_90' title='bbox 1049 1846 1275 1911; x_wconf 90' lang='lat' dir='ltr'><strong>eruditionem</strong></span> <span class='ocrx_word' id='word_1_91' title='bbox 1290 1848 1449 1913; x_wconf 91' lang='lat' dir='ltr'><strong>omnium</strong></span> 
     </span>
     <span class='ocr_line' id='line_1_14' title="bbox 193 1961 1449 2044; baseline 0 -17"><span class='ocrx_word' id='word_1_92' title='bbox 193 1963 350 2028; x_wconf 88' lang='lat' dir='ltr'><strong>laudibus</strong></span> <span class='ocrx_word' id='word_1_93' title='bbox 366 1961 601 2026; x_wconf 84' lang='lat' dir='ltr'><strong>celebrabatur</strong></span> <span class='ocrx_word' id='word_1_94' title='bbox 617 1978 719 2041; x_wconf 85' lang='lat' dir='ltr'><strong>quam</strong></span> <span class='ocrx_word' id='word_1_95' title='bbox 736 1963 777 2025; x_wconf 91' lang='lat' dir='ltr'><strong>ob</strong></span> <span class='ocrx_word' id='word_1_96' title='bbox 794 1962 973 2042; x_wconf 88' lang='lat' dir='ltr'><strong>pietatem,</strong></span> <span class='ocrx_word' id='word_1_97' title='bbox 990 1961 1210 2042; x_wconf 86' lang='lat' dir='ltr'><strong>sapientiam,</strong></span> <span class='ocrx_word' id='word_1_98' title='bbox 1227 1962 1449 2044; x_wconf 86' lang='lat' dir='ltr'><strong>modestiam,</strong></span> 
     </span>
     <span class='ocr_line' id='line_1_15' title="bbox 194 2076 1450 2157; baseline 0.001 -14"><span class='ocrx_word' id='word_1_99' title='bbox 194 2077 512 2157; x_wconf 90' lang='lat' dir='ltr'><strong>mansuetudinem,</strong></span> <span class='ocrx_word' id='word_1_100' title='bbox 548 2081 652 2157; x_wconf 90' lang='lat' dir='ltr'><strong>atque</strong></span> <span class='ocrx_word' id='word_1_101' title='bbox 688 2077 720 2141; x_wconf 89' lang='lat' dir='ltr'><strong>iu</strong></span> <span class='ocrx_word' id='word_1_102' title='bbox 756 2076 938 2157; x_wconf 89' lang='lat' dir='ltr'><strong>discipulos</strong></span> <span class='ocrx_word' id='word_1_103' title='bbox 973 2092 1133 2141; x_wconf 88' lang='lat' dir='ltr'><strong>amorem.</strong></span> <span class='ocrx_word' id='word_1_104' title='bbox 1186 2076 1365 2142; x_wconf 90' lang='lat' dir='ltr'><strong>Ultraiecti</strong></span> <span class='ocrx_word' id='word_1_105' title='bbox 1402 2080 1450 2144; x_wconf 88' lang='lat' dir='ltr'><strong>ab</strong></span> 
     </span>
     <span class='ocr_line' id='line_1_16' title="bbox 192 2192 1451 2272; baseline 0.002 -14"><span class='ocrx_word' id='word_1_106' title='bbox 192 2210 283 2259; x_wconf 89' lang='lat' dir='ltr'><strong>anno</strong></span> <span class='ocrx_word' id='word_1_107' title='bbox 320 2194 405 2258; x_wconf 80' lang='lat'><strong>1537</strong></span> <span class='ocrx_word' id='word_1_108' title='bbox 442 2209 550 2272; x_wconf 86' lang='lat' dir='ltr'><strong>usque</strong></span> <span class='ocrx_word' id='word_1_109' title='bbox 585 2192 627 2256; x_wconf 87' lang='lat' dir='ltr'><strong>ad</strong></span> <span class='ocrx_word' id='word_1_110' title='bbox 664 2210 792 2256; x_wconf 88' lang='lat' dir='ltr'><strong>annum</strong></span> <span class='ocrx_word' id='word_1_111' title='bbox 830 2192 915 2256; x_wconf 82' lang='lat'>1552</span> <span class='ocrx_word' id='word_1_112' title='bbox 951 2192 1093 2256; x_wconf 89' lang='lat' dir='ltr'><strong>rectoris</strong></span> <span class='ocrx_word' id='word_1_113' title='bbox 1128 2209 1269 2257; x_wconf 91' lang='lat' dir='ltr'><strong>munere</strong></span> <span class='ocrx_word' id='word_1_114' title='bbox 1301 2192 1451 2261; x_wconf 83' lang='lat' dir='ltr'><strong>functus</strong></span> 
     </span>
     <span class='ocr_line' id='line_1_17' title="bbox 192 2308 1451 2390; baseline 0.001 -16"><span class='ocrx_word' id='word_1_115' title='bbox 192 2326 302 2374; x_wconf 85' lang='lat' dir='ltr'><strong>senex</strong></span> <span class='ocrx_word' id='word_1_116' title='bbox 325 2310 359 2373; x_wconf 95' lang='lat' dir='ltr'><strong>in</strong></span> <span class='ocrx_word' id='word_1_117' title='bbox 383 2309 530 2390; x_wconf 87' lang='lat' dir='ltr'><strong>patriam</strong></span> <span class='ocrx_word' id='word_1_118' title='bbox 553 2309 673 2373; x_wconf 88' lang='lat' dir='ltr'><strong>urbem</strong></span> <span class='ocrx_word' id='word_1_119' title='bbox 697 2308 825 2372; x_wconf 82' lang='lat' dir='ltr'><strong>Silvam</strong></span> <span class='ocrx_word' id='word_1_120' title='bbox 849 2308 944 2372; x_wconf 84' lang='lat' dir='ltr'><strong>ducis</strong></span> <span class='ocrx_word' id='word_1_121' title='bbox 968 2308 1181 2388; x_wconf 87' lang='lat' dir='ltr'><strong>remigravit,</strong></span> <span class='ocrx_word' id='word_1_122' title='bbox 1199 2309 1255 2372; x_wconf 93' lang='lat' dir='ltr'><strong>ubi</strong></span> <span class='ocrx_word' id='word_1_123' title='bbox 1271 2308 1451 2390; x_wconf 85' lang='lat' dir='ltr'><strong>podagrae</strong></span> 
     </span>
     <span class='ocr_line' id='line_1_18' title="bbox 192 2423 1450 2504; baseline 0.002 -15"><span class='ocrx_word' id='word_1_124' title='bbox 192 2425 347 2490; x_wconf 89' lang='lat' dir='ltr'><strong>cruciatu</strong></span> <span class='ocrx_word' id='word_1_125' title='bbox 377 2428 413 2488; x_wconf 90' lang='lat' dir='ltr'><strong>et</strong></span> <span class='ocrx_word' id='word_1_126' title='bbox 444 2423 615 2488; x_wconf 87' lang='lat' dir='ltr'><strong>laboribus</strong></span> <span class='ocrx_word' id='word_1_127' title='bbox 644 2423 837 2488; x_wconf 86' lang='lat' dir='ltr'><strong>exhaustus</strong></span> <span class='ocrx_word' id='word_1_128' title='bbox 869 2440 958 2488; x_wconf 87' lang='lat' dir='ltr'><strong>anno</strong></span> <span class='ocrx_word' id='word_1_129' title='bbox 993 2424 1078 2487; x_wconf 78' lang='lat'>1558</span> <span class='ocrx_word' id='word_1_130' title='bbox 1106 2423 1196 2488; x_wconf 85' lang='lat' dir='ltr'><strong>obiit.</strong></span> <span class='ocrx_word' id='word_1_131' title='bbox 1244 2423 1387 2504; x_wconf 80' lang='lat' dir='ltr'><strong>Legitur</strong></span> <span class='ocrx_word' id='word_1_132' title='bbox 1412 2427 1450 2492; x_wconf 89' lang='lat' dir='ltr'><strong>in</strong></span> 
     </span>
     <span class='ocr_line' id='line_1_19' title="bbox 192 2538 1008 2618; baseline 0.001 -17"><span class='ocrx_word' id='word_1_133' title='bbox 192 2541 322 2605; x_wconf 89' lang='lat' dir='ltr'><strong>obitum</strong></span> <span class='ocrx_word' id='word_1_134' title='bbox 346 2540 420 2604; x_wconf 88' lang='lat' dir='ltr'><strong>eius</strong></span> <span class='ocrx_word' id='word_1_135' title='bbox 443 2539 506 2603; x_wconf 92' lang='lat' dir='ltr'><strong>hoc</strong></span> <span class='ocrx_word' id='word_1_136' title='bbox 530 2539 674 2604; x_wconf 88' lang='lat' dir='ltr'><strong>Cornelii</strong></span> <span class='ocrx_word' id='word_1_137' title='bbox 696 2538 823 2603; x_wconf 87' lang='lat' dir='ltr'><strong>Valerii</strong></span> <span class='ocrx_word' id='word_1_138' title='bbox 846 2539 1008 2618; x_wconf 87' lang='lat' dir='ltr'><strong>elogium:</strong></span> 
     </span>
    </p>
   </div>
   <div class='ocr_carea' id='block_1_6' title="bbox 474 2696 1159 3625">
    <p class='ocr_par' dir='ltr' id='par_1_7' title="bbox 477 2696 1081 2862">
     <span class='ocr_line' id='line_1_20' title="bbox 477 2696 1081 2765; baseline -0.002 -14"><span class='ocrx_word' id='word_1_139' title='bbox 477 2696 562 2751; x_wconf 83' lang='lat' dir='ltr'><strong>Caelo</strong></span> <span class='ocrx_word' id='word_1_140' title='bbox 582 2697 697 2765; x_wconf 87' lang='lat' dir='ltr'><strong>potitus</strong></span> <span class='ocrx_word' id='word_1_141' title='bbox 716 2697 784 2764; x_wconf 81' lang='lat' dir='ltr'><strong>post</strong></span> <span class='ocrx_word' id='word_1_142' title='bbox 802 2696 917 2751; x_wconf 89' lang='lat' dir='ltr'><strong>labores</strong></span> <span class='ocrx_word' id='word_1_143' title='bbox 937 2697 1081 2764; x_wconf 88' lang='lat' dir='ltr'><strong>plurimos</strong></span> 
     </span>
     <span class='ocr_line' id='line_1_21' title="bbox 514 2793 896 2862; baseline -0.003 -13"><span class='ocrx_word' id='word_1_144' title='bbox 514 2793 661 2861; x_wconf 81' lang='lat' dir='ltr'><strong>Georgius</strong></span> <span class='ocrx_word' id='word_1_145' title='bbox 680 2794 896 2862; x_wconf 83' lang='lat' dir='ltr'><strong>Macropedius,</strong></span> 
     </span>
    </p>

    <p class='ocr_par' dir='ltr' id='par_1_8' title="bbox 478 2890 1121 3055">
     <span class='ocr_line' id='line_1_22' title="bbox 478 2890 1121 2959; baseline -0.003 -13"><span class='ocrx_word' id='word_1_146' title='bbox 478 2890 651 2946; x_wconf 85' lang='lat' dir='ltr'><strong>Scholastici</strong></span> <span class='ocrx_word' id='word_1_147' title='bbox 671 2892 840 2945; x_wconf 89' lang='lat' dir='ltr'><strong>moderator</strong></span> <span class='ocrx_word' id='word_1_148' title='bbox 858 2892 991 2958; x_wconf 89' lang='lat' dir='ltr'><strong>optimus</strong></span> <span class='ocrx_word' id='word_1_149' title='bbox 1010 2891 1121 2959; x_wconf 81' lang='lat' dir='ltr'><strong>gregia,</strong></span> 
     </span>
     <span class='ocr_line' id='line_1_23' title="bbox 513 2987 928 3055; baseline 0 -13"><span class='ocrx_word' id='word_1_150' title='bbox 513 2988 586 3042; x_wconf 88' lang='lat' dir='ltr'><strong>Toto</strong></span> <span class='ocrx_word' id='word_1_151' title='bbox 605 2988 674 3042; x_wconf 91' lang='lat' dir='ltr'><strong>orbe</strong></span> <span class='ocrx_word' id='word_1_152' title='bbox 694 2987 801 3042; x_wconf 90' lang='lat' dir='ltr'><strong>nobilis</strong></span> <span class='ocrx_word' id='word_1_153' title='bbox 820 3002 928 3055; x_wconf 84' lang='lat' dir='ltr'><strong>senex,</strong></span> 
     </span>
    </p>

    <p class='ocr_par' dir='ltr' id='par_1_9' title="bbox 474 3085 1106 3250">
     <span class='ocr_line' id='line_1_24' title="bbox 474 3085 1106 3154; baseline -0.002 -14"><span class='ocrx_word' id='word_1_154' title='bbox 474 3085 587 3153; x_wconf 86' lang='lat' dir='ltr'><strong>Corpus</strong></span> <span class='ocrx_word' id='word_1_155' title='bbox 606 3086 727 3154; x_wconf 89' lang='lat' dir='ltr'><strong>reliquit</strong></span> <span class='ocrx_word' id='word_1_156' title='bbox 746 3085 801 3140; x_wconf 92' lang='lat' dir='ltr'><strong>hoc</strong></span> <span class='ocrx_word' id='word_1_157' title='bbox 822 3086 1011 3153; x_wconf 77' lang='lat' dir='ltr'><strong>podagricum</strong></span> <span class='ocrx_word' id='word_1_158' title='bbox 1031 3086 1106 3149; x_wconf 84' lang='lat' dir='ltr'><strong>loco,</strong></span> 
     </span>
     <span class='ocr_line' id='line_1_25' title="bbox 513 3182 925 3250; baseline -0.005 -14"><span class='ocrx_word' id='word_1_159' title='bbox 513 3183 612 3250; x_wconf 86' lang='lat' dir='ltr'><strong>Longo</strong></span> <span class='ocrx_word' id='word_1_160' title='bbox 632 3182 730 3236; x_wconf 88' lang='lat' dir='ltr'><strong>labora</strong></span> <span class='ocrx_word' id='word_1_161' title='bbox 749 3184 925 3237; x_wconf 80' lang='lat' dir='ltr'><strong>exercitum.</strong></span> 
     </span>
    </p>

    <p class='ocr_par' dir='ltr' id='par_1_10' title="bbox 475 3279 1159 3444">
     <span class='ocr_line' id='line_1_26' title="bbox 475 3279 1159 3348; baseline -0.001 -14"><span class='ocrx_word' id='word_1_162' title='bbox 475 3280 673 3348; x_wconf 77' lang='lat' dir='ltr'><strong>HumanitaS,</strong></span> <span class='ocrx_word' id='word_1_163' title='bbox 693 3280 827 3333; x_wconf 87' lang='lat' dir='ltr'><strong>studium</strong></span> <span class='ocrx_word' id='word_1_164' title='bbox 847 3279 970 3333; x_wconf 73' lang='lat' dir='ltr'><strong>im&#39;andi</strong></span> <span class='ocrx_word' id='word_1_165' title='bbox 990 3280 1159 3334; x_wconf 89' lang='lat' dir='ltr'><strong>maximum</strong></span> 
     </span>
     <span class='ocr_line' id='line_1_27' title="bbox 513 3374 859 3444; baseline -0.006 -13"><span class='ocrx_word' id='word_1_166' title='bbox 513 3374 689 3444; x_wconf 79' lang='lat' dir='ltr'><strong>Benignitas</strong></span> <span class='ocrx_word' id='word_1_167' title='bbox 708 3376 859 3437; x_wconf 78' lang='lat' dir='ltr'><strong>surabiliS.</strong></span> 
     </span>
    </p>

    <p class='ocr_par' dir='ltr' id='par_1_11' title="bbox 474 3473 1026 3625">
     <span class='ocr_line' id='line_1_28' title="bbox 474 3473 1026 3542; baseline 0 -14"><span class='ocrx_word' id='word_1_168' title='bbox 474 3474 588 3528; x_wconf 85' lang='lat' dir='ltr'><strong>Candor</strong></span> <span class='ocrx_word' id='word_1_169' title='bbox 608 3473 717 3538; x_wconf 77' lang='lat' dir='ltr'><strong>anImi,</strong></span> <span class='ocrx_word' id='word_1_170' title='bbox 736 3474 832 3542; x_wconf 86' lang='lat' dir='ltr'><strong>pietas</strong></span> <span class='ocrx_word' id='word_1_171' title='bbox 851 3475 881 3528; x_wconf 83' lang='lat' dir='ltr'><strong>et</strong></span> <span class='ocrx_word' id='word_1_172' title='bbox 899 3473 1026 3528; x_wconf 91' lang='lat' dir='ltr'><strong>eruditio</strong></span> 
     </span>
     <span class='ocr_line' id='line_1_29' title="bbox 511 3568 935 3625; baseline 0 -3"><span class='ocrx_word' id='word_1_173' title='bbox 511 3568 599 3625; x_wconf 89' lang='lat' dir='ltr'><strong>Hanc</strong></span> <span class='ocrx_word' id='word_1_174' title='bbox 619 3570 769 3624; x_wconf 87' lang='lat' dir='ltr'><strong>reddidere</strong></span> <span class='ocrx_word' id='word_1_175' title='bbox 789 3571 935 3625; x_wconf 83' lang='lat' dir='ltr'><strong>caelitem.</strong></span> 
     </span>
    </p>
   </div>
   <div class='ocr_carea' id='block_1_7' title="bbox 189 3736 1452 4398">
    <p class='ocr_par' dir='ltr' id='par_1_12' title="bbox 189 3736 1452 4398">
     <span class='ocr_line' id='line_1_30' title="bbox 236 3736 1451 3820; baseline 0.006 -19"><span class='ocrx_word' id='word_1_176' title='bbox 236 3737 486 3802; x_wconf 80' lang='lat' dir='ltr'><strong>Gravissimum</strong></span> <span class='ocrx_word' id='word_1_177' title='bbox 530 3737 759 3817; x_wconf 87' lang='lat' dir='ltr'><strong>praeceptoris</strong></span> <span class='ocrx_word' id='word_1_178' title='bbox 802 3736 947 3800; x_wconf 85' lang='lat' dir='ltr'><strong>officium</strong></span> <span class='ocrx_word' id='word_1_179' title='bbox 990 3737 1086 3801; x_wconf 91' lang='lat' dir='ltr'><strong>bonis</strong></span> <span class='ocrx_word' id='word_1_180' title='bbox 1128 3737 1219 3801; x_wconf 91' lang='lat' dir='ltr'><strong>libris</strong></span> <span class='ocrx_word' id='word_1_181' title='bbox 1258 3737 1451 3820; x_wconf 88' lang='lat' dir='ltr'><strong>discipulos</strong></span> 
     </span>
     <span class='ocr_line' id='line_1_31' title="bbox 190 3852 1452 3935; baseline 0.006 -19"><span class='ocrx_word' id='word_1_182' title='bbox 190 3853 381 3918; x_wconf 90' lang='lat' dir='ltr'><strong>instruendi</strong></span> <span class='ocrx_word' id='word_1_183' title='bbox 405 3852 607 3933; x_wconf 90' lang='lat' dir='ltr'><strong>Macropedii</strong></span> <span class='ocrx_word' id='word_1_184' title='bbox 632 3853 841 3933; x_wconf 84' lang='lat' dir='ltr'><strong>temporibus</strong></span> <span class='ocrx_word' id='word_1_185' title='bbox 858 3853 933 3934; x_wconf 87' lang='lat' dir='ltr'><strong>plus</strong></span> <span class='ocrx_word' id='word_1_186' title='bbox 949 3852 1156 3916; x_wconf 87' lang='lat' dir='ltr'><strong>difficultatis</strong></span> <span class='ocrx_word' id='word_1_187' title='bbox 1172 3852 1321 3917; x_wconf 88' lang='lat' dir='ltr'><strong>habebat</strong></span> <span class='ocrx_word' id='word_1_188' title='bbox 1338 3871 1452 3935; x_wconf 86' lang='lat' dir='ltr'><strong>quam</strong></span> 
     </span>
     <span class='ocr_line' id='line_1_32' title="bbox 189 3945 1451 4050; baseline 0.005 -19"><span class='ocrx_word' id='word_1_189' title='bbox 189 3968 287 4033; x_wconf 88' lang='lat' dir='ltr'><strong>hodie</strong></span> <span class='ocrx_word' id='word_1_190' title='bbox 317 3969 430 4033; x_wconf 90' lang='lat' dir='ltr'><strong>habet.</strong></span> <span class='ocrx_word' id='word_1_191' title='bbox 479 3945 752 4033; x_wconf 85' lang='lat' dir='ltr'><strong>Renascentibus</strong></span> <span class='ocrx_word' id='word_1_192' title='bbox 776 3969 867 4032; x_wconf 89' lang='lat' dir='ltr'><strong>enim</strong></span> <span class='ocrx_word' id='word_1_193' title='bbox 889 3968 997 4032; x_wconf 87' lang='lat' dir='ltr'><strong>literis</strong></span> <span class='ocrx_word' id='word_1_194' title='bbox 1020 3984 1041 4032; x_wconf 86' lang='lat' dir='ltr'><strong>a</strong></span> <span class='ocrx_word' id='word_1_195' title='bbox 1065 3968 1147 4032; x_wconf 89' lang='lat' dir='ltr'><strong>viris</strong></span> <span class='ocrx_word' id='word_1_196' title='bbox 1171 3968 1297 4049; x_wconf 75' lang='lat' dir='ltr'><strong>doctiS,</strong></span> <span class='ocrx_word' id='word_1_197' title='bbox 1322 3972 1451 4050; x_wconf 87' lang='lat' dir='ltr'><strong>purius</strong></span> 
     </span>
     <span class='ocr_line' id='line_1_33' title="bbox 191 4084 1450 4166; baseline 0.005 -18"><span class='ocrx_word' id='word_1_198' title='bbox 191 4086 310 4149; x_wconf 89' lang='lat' dir='ltr'><strong>Latine</strong></span> <span class='ocrx_word' id='word_1_199' title='bbox 347 4085 513 4149; x_wconf 89' lang='lat' dir='ltr'><strong>scribendi</strong></span> <span class='ocrx_word' id='word_1_200' title='bbox 549 4103 657 4165; x_wconf 89' lang='lat' dir='ltr'><strong>genus</strong></span> <span class='ocrx_word' id='word_1_201' title='bbox 692 4088 728 4149; x_wconf 88' lang='lat' dir='ltr'><strong>et</strong></span> <span class='ocrx_word' id='word_1_202' title='bbox 762 4086 827 4166; x_wconf 90' lang='lat' dir='ltr'><strong>ipsi</strong></span> <span class='ocrx_word' id='word_1_203' title='bbox 862 4086 999 4165; x_wconf 87' lang='lat' dir='ltr'><strong>assequi</strong></span> <span class='ocrx_word' id='word_1_204' title='bbox 1034 4088 1068 4149; x_wconf 87' lang='lat' dir='ltr'><strong>et</strong></span> <span class='ocrx_word' id='word_1_205' title='bbox 1102 4084 1272 4166; x_wconf 89' lang='lat' dir='ltr'><strong>discipulis</strong></span> <span class='ocrx_word' id='word_1_206' title='bbox 1304 4086 1450 4154; x_wconf 89' lang='lat' dir='ltr'><strong>tradere</strong></span> 
     </span>
     <span class='ocr_line' id='line_1_34' title="bbox 190 4200 1450 4282; baseline 0.003 -17"><span class='ocrx_word' id='word_1_207' title='bbox 190 4201 428 4282; x_wconf 75' lang='lat' dir='ltr'><strong>studentibuS,</strong></span> <span class='ocrx_word' id='word_1_208' title='bbox 453 4218 531 4265; x_wconf 88' lang='lat' dir='ltr'><strong>acre</strong></span> <span class='ocrx_word' id='word_1_209' title='bbox 555 4203 592 4265; x_wconf 91' lang='lat' dir='ltr'><strong>et</strong></span> <span class='ocrx_word' id='word_1_210' title='bbox 615 4201 815 4265; x_wconf 89' lang='lat' dir='ltr'><strong>diuturnum</strong></span> <span class='ocrx_word' id='word_1_211' title='bbox 839 4202 963 4265; x_wconf 89' lang='lat' dir='ltr'><strong>bellum</strong></span> <span class='ocrx_word' id='word_1_212' title='bbox 980 4204 1115 4280; x_wconf 84' lang='lat' dir='ltr'><strong>gestum</strong></span> <span class='ocrx_word' id='word_1_213' title='bbox 1133 4204 1188 4265; x_wconf 85' lang='lat' dir='ltr'><strong>est</strong></span> <span class='ocrx_word' id='word_1_214' title='bbox 1203 4204 1324 4264; x_wconf 89' lang='lat' dir='ltr'><strong>contra</strong></span> <span class='ocrx_word' id='word_1_215' title='bbox 1339 4200 1450 4269; x_wconf 91' lang='lat' dir='ltr'><strong>libros</strong></span> 
     </span>
     <span class='ocr_line' id='line_1_35' title="bbox 190 4317 1450 4398; baseline 0.002 -17"><span class='ocrx_word' id='word_1_216' title='bbox 190 4318 355 4398; x_wconf 85' lang='lat' dir='ltr'><strong>quosdam</strong></span> <span class='ocrx_word' id='word_1_217' title='bbox 391 4319 448 4397; x_wconf 87' lang='lat' dir='ltr'><strong>qui</strong></span> <span class='ocrx_word' id='word_1_218' title='bbox 481 4322 562 4382; x_wconf 84' lang='lat' dir='ltr'><strong>tunc</strong></span> <span class='ocrx_word' id='word_1_219' title='bbox 594 4318 629 4381; x_wconf 88' lang='lat' dir='ltr'><strong>in</strong></span> <span class='ocrx_word' id='word_1_220' title='bbox 660 4317 783 4382; x_wconf 86' lang='lat' dir='ltr'><strong>scholis</strong></span> <span class='ocrx_word' id='word_1_221' title='bbox 811 4317 1091 4397; x_wconf 87' lang='lat' dir='ltr'><strong>dominabantur,</strong></span> <span class='ocrx_word' id='word_1_222' title='bbox 1116 4317 1295 4397; x_wconf 88' lang='lat' dir='ltr'><strong>praecipue</strong></span> <span class='ocrx_word' id='word_1_223' title='bbox 1319 4322 1450 4384; x_wconf 89' lang='lat' dir='ltr'><strong>contra</strong></span> 
     </span>
    </p>
   </div>
   <div class='ocr_carea' id='block_1_8' title="bbox 248 4631 520 4699">
    <p class='ocr_par' dir='ltr' id='par_1_13' title="bbox 248 4631 520 4699">
     <span class='ocr_line' id='line_1_36' title="bbox 248 4631 520 4699; baseline 0.004 -13"><span class='ocrx_word' id='word_1_224' title='bbox 248 4635 268 4699; x_wconf 82' lang='lat'><strong>¹)</strong></span> <span class='ocrx_word' id='word_1_225' title='bbox 287 4631 439 4692; x_wconf 74' lang='lat' dir='ltr'><strong>Feresne,</strong></span> <span class='ocrx_word' id='word_1_226' title='bbox 461 4631 477 4684; x_wconf 92' lang='lat' dir='ltr'><strong>l.</strong></span> <span class='ocrx_word' id='word_1_227' title='bbox 496 4651 520 4687; x_wconf 82' lang='lat' dir='ltr'><strong>c.</strong></span> 
     </span>
    </p>
   </div>
   <div class='ocr_carea' id='block_1_9' title="bbox 0 0 1640 5310">
    <p class='ocr_par' dir='ltr' id='par_1_14' title="bbox 0 0 1640 5310">
     <span class='ocr_line' id='line_1_37' title="bbox 0 0 1640 5310; baseline 0 0"><span class='ocrx_word' id='word_1_228' title='bbox 0 0 1640 5310; x_wconf 95' lang='lat' dir='ltr'><strong> </strong></span> 
     </span>
    </p>
   </div>
  </div>
 </body>
</html>
