3270 5310
734 438 740 460 ⁴
785 428 846 491 197

338 619 546 701 Mancipium
570 624 607 686 et
629 638 750 686 aurum
776 621 951 686 residuum
975 623 1064 703 quod
1088 624 1223 689 abstuli.

338 735 412 802 Dm.
438 738 513 816 Ago
537 737 666 817 gratias
690 737 769 817 tibi,
794 736 954 819 Praetor,
980 741 1019 802 ut
1042 755 1129 820 queo
1153 740 1340 812 maximas,

338 851 532 934 Nostraque
556 853 586 918 si
611 854 660 919 uti
684 869 787 934 opera
811 854 914 933 velis,
939 871 1075 920 rursum
1098 855 1237 936 impera.

194 969 289 1033 1330.
337 968 408 1035 Iun.
435 968 523 1049 Quin
546 969 608 1034 hos
631 986 765 1051 quoque
789 970 940 1034 eximis?
964 988 1052 1035 anne
1077 975 1113 1035 et
1136 971 1169 1035 bi
1195 971 1260 1035 duo
1285 973 1362 1036 tui?

334 1084 408 1151 Drn.
434 1084 510 1151 Non
534 1089 631 1166 sunt;
656 1085 751 1150 fuere
774 1086 955 1168 aliquando
979 1087 1038 1151 sed
1063 1086 1111 1150 rei
1137 1087 1212 1150 vale

336 1200 461 1267 Dixere
485 1201 687 1278 litterariae,
713 1205 749 1267 et
771 1201 898 1268 femiae
924 1219 1019 1266 meae

336 1316 490 1399 Uterque
514 1318 708 1383 subduxere
733 1318 802 1382 iam
826 1335 965 1382 manum
989 1335 1097 1383 suam.

337 1430 425 1496 Veni
448 1434 550 1513 pueri
576 1433 699 1513 Iudex,
724 1437 820 1499 tuam
844 1451 917 1499 rem
940 1434 1072 1516 perfice.

197 1547 291 1612 1335.
338 1547 439 1613 Pnrn.
465 1548 666 1613 Venerando
690 1556 908 1630 praeceptor,
934 1551 1013 1630 quid
1038 1567 1188 1630 unquam
1213 1566 1273 1631 pro
1297 1551 1350 1613 his
1375 1551 1436 1613 tibi

336 1662 442 1744 Digne
467 1665 679 1750 rependero?
727 1665 800 1730 Dm.
826 1667 931 1746 Tace,
956 1666 1084 1745 poteris
1108 1665 1263 1746 quidem,

336 1778 402 1845 Sed
427 1780 579 1845 moribus
601 1782 873 1847 correctioribus,
920 1781 1027 1861 Veni,

337 1894 385 1959 Ut
409 1895 589 1977 corrigaris
613 1914 706 1962 more
730 1915 791 1978 pro
815 1898 1027 1962 scholastico.

336 2009 495 2076 Numinis
519 2012 668 2092 receptis
692 2030 755 2077 nos
778 2016 939 2093 parentes
963 2013 1155 2093 sequimini.

195 2126 289 2190 1340.
339 2125 421 2192 Gna.
448 2127 645 2209 Sequimur,
670 2129 851 2209 magister,
876 2131 995 2209 pereat
1017 2129 1100 2193 haec
1125 2129 1283 2208 pecunia!

335 2241 409 2307 Dm.
435 2242 606 2323 Recipite;
632 2243 734 2309 iudici
758 2243 883 2308 referi-e
905 2244 1061 2324 gratiam.

408 2722 543 2801 Actus
582 2723 770 2819 quintus.
845 2722 1011 2801 Scaena
1048 2727 1216 2806 octava.

323 3097 440 3163 lunax.
488 3096 610 3161 Fuans.
659 3095 871 3161 Sarsmrrns.
920 3097 1106 3161 Passurus.
1154 3097 1306 3162 Loaaau.

335 3289 501 3353 Turbavit
524 3290 586 3354 hoc
610 3290 709 3353 uobis
733 3290 880 3354 tribunal
904 3289 1076 3369 paululum

334 3402 543 3469 Didascalus
591 3405 689 3469 Nunc
715 3406 855 3486 propius
879 3406 1092 3470 adducantur
1115 3405 1180 3469 huc

333 3519 481 3584 iuvenes
505 3519 636 3585 nefarii.
685 3520 766 3586 Fue.
792 3520 887 3601 Heu,
911 3520 1004 3585 salus
1029 3521 1119 3584 nulla
1142 3520 1271 3600 reliqua
1294 3521 1364 3584 est!

193 3635 287 3700 1345.
335 3634 412 3699 Sar.
439 3635 639 3717 Utrunque,
663 3636 786 3716 iudex,
811 3635 952 3700 noxium
977 3635 1073 3700 vides
1132 3634 1202 3699 luo.
1229 3635 1320 3699 Bene
1345 3639 1409 3700 est.

334 3751 413 3815 Sar.
439 3751 570 3816 Adeste
594 3751 725 3833 cuncti,
749 3754 860 3832 state,
886 3751 989 3815 tacite
1013 3750 1200 3823 advortite,

332 3866 591 3931 Pronuncianda
615 3867 804 3931 novissima
827 3869 882 3930 est
905 3866 1089 3931 sententia.

334 3982 405 4048 iun.
432 3980 503 4060 Quo
527 3983 651 4047 civitas
675 3983 721 4046 sit
744 3986 863 4047 nostra
886 3981 1127 4063 pestilentibus

334 4097 376 4161 Et
399 4097 562 4178 improbis
586 4114 722 4179 semper
745 4098 828 4162 viris
852 4096 1025 4161 liberrima

191 4213 286 4277 1350.
334 4212 408 4277 Hos
432 4213 662 4293 deprehensos
686 4213 721 4277 in
745 4213 903 4278 scelestis
926 4212 1060 4276 actibus

333 4328 454 4410 Furto,
480 4329 571 4409 dolo,
597 4329 716 4409 rapina
741 4332 776 4393 et
800 4329 833 4392 id
857 4345 964 4408 genus
989 4327 1062 4392 aliis

333 4445 376 4508 Et
400 4452 510 4509 morte
535 4444 654 4525 dignos
679 4445 887 4521 iudicamus,
913 4447 948 4508 et
971 4446 1155 4524 antequam

332 4560 388 4624 Sol
412 4560 543 4625 occidat
565 4560 686 4641 laqueo
710 4560 881 4624 necandos
904 4559 940 4622 in
963 4577 1061 4623 cruce

332 4676 611 4740 Pronunciamus.
659 4676 752 4740 Tube
775 4676 891 4740 sonet!
921 4674 1185 4755 Persequirnini,
