3270 5310
625 1369 1153 1482 PROLOGUS.

790 1642 908 1650 υ-----
931 1643 993 1649 ..—

370 1873 568 1938 Didascalus
591 1877 710 1938 noster
732 1874 1011 1938 animadvertens
1034 1875 1115 1939 nihil

370 1987 470 2068 Gregi
494 2005 557 2054 suo
581 1988 783 2054 scholastico
808 1990 1032 2070 opportunius

368 2103 541 2185 Vobisque
564 2104 815 2186 spectatoribus
839 2105 911 2170 lore
935 2107 1066 2186 gratius

368 2219 472 2285 Ludis
494 2220 643 2301 iocisque
667 2220 827 2302 scenicis,
851 2238 896 2285 ex
921 2227 1074 2302 tempore

292 2339 321 2400 5.
370 2335 436 2401 Pro
460 2338 623 2418 temporis
647 2337 779 2401 ratione
803 2336 939 2417 scripsit
962 2336 1108 2418 ludicra,
1132 2341 1172 2401 ut

367 2451 503 2516 Habeat
526 2452 689 2517 inventus
713 2456 832 2517 nostra
857 2469 923 2533 quo
947 2470 985 2517 se
1009 2458 1188 2537 exorceat,
1279 2529 1281 2531 ¹

366 2566 438 2646 Quo
462 2584 526 2632 vos
550 2585 685 2648 quoque
709 2568 863 2632 bociam
887 2571 1041 2649 tempore
1065 2568 1288 2634 oblectomini.

363 2681 548 2747 Praeterea
570 2683 763 2764 habebunt,
788 2683 863 2765 plus
887 2684 974 2748 satis
997 2683 1027 2748 si
1051 2685 1174 2751 liberos
1262 2720 1264 2724 -

364 2797 452 2862 Suos
476 2802 609 2880 ament,
635 2803 800 2864 vetentve
824 2800 1023 2880 castigarier

266 2915 316 2978 10.
364 2912 595 2978 stultissimae
619 2914 853 2998 mulierculae,
878 2916 973 2996 pueri
998 2932 1131 2996 quoque

364 3029 442 3094 Suis
466 3029 608 3094 rebelles
631 3048 740 3112 usque
763 3031 1042 3112 praeceptoribus

362 3145 527 3227 Exempla
550 3164 618 3212 non
643 3147 804 3227 vulgaria.
845 3149 960 3227 Atque
984 3147 1059 3212 illae
1083 3147 1238 3228 quidem,

364 3261 424 3327 Uti
447 3262 588 3327 videant
611 3280 710 3327 suam
735 3279 796 3343 per
818 3262 1063 3343 indulgentiam

364 3377 513 3442 Gliscere
538 3395 678 3442 suarum
703 3379 848 3459 prolium
872 3378 1063 3459 licentiam;

265 3493 314 3556 15.
363 3492 407 3556 Hi
432 3509 515 3558 vero
539 3497 579 3557 ut
603 3494 713 3558 edocti
736 3511 877 3559 suorum
901 3494 1057 3575 turpibus

363 3608 639 3674 commilitonum
664 3610 798 3674 casibus
822 3610 902 3675 nulli
927 3610 1034 3674 velint

364 3725 551 3790 Rebellium
576 3742 695 3805 parere
720 3725 963 3803 contubernio,

363 3839 429 3905 Sed
454 3841 591 3921 optimis
615 3840 757 3905 subesse
781 3839 1070 3921 praeceptoribus

345 3955 529 4021 ¹Videbitis
553 3955 775 4037 (quamquam
799 3955 903 4035 probo
927 3959 1043 4019 satum
1067 3953 1181 4041 patre)

262 4074 313 4136 20.
364 4070 512 4135 Puerum
537 4070 729 4135 Petriscum
753 4072 874 4135 matris
898 4070 1108 4150 indulgentia

363 4187 540 4252 Sodalibus
563 4187 748 4251 adhaerere
773 4185 1033 4265 perditissimis,

363 4302 600 4382 Tandemque,
625 4305 704 4381 post
728 4300 964 4381 rebellionem,
988 4299 1136 4364 fornices

362 4418 406 4481 Et
430 4418 522 4482 furta
545 4417 587 4480 ad
612 4417 788 4497 infandae,
813 4416 995 4497 probrosae
1020 4419 1056 4479 et
1079 4415 1234 4480 horridae

362 4532 482 4597 Mortis
507 4533 624 4597 venire
648 4531 842 4611 pericnlum.
870 4531 965 4612 Quod
989 4547 1074 4595 usus
1097 4533 1153 4594 est

261 4653 313 4717 25.
361 4651 432 4715 Tali
455 4654 555 4714 autor
578 4652 797 4730 argumento,
823 4648 856 4712 id
881 4648 917 4711 in
941 4664 1044 4712 causa
1068 4646 1152 4725 luit,
