<?xml version="1.0" encoding="UTF-8"?>
<!DOCTYPE html PUBLIC "-//W3C//DTD XHTML 1.0 Transitional//EN"
    "http://www.w3.org/TR/xhtml1/DTD/xhtml1-transitional.dtd">
<html xmlns="http://www.w3.org/1999/xhtml" xml:lang="en" lang="en">
 <head>
  <title>
</title>
<meta http-equiv="Content-Type" content="text/html;charset=utf-8" />
  <meta name='ocr-system' content='tesseract 3.04.00' />
  <meta name='ocr-capabilities' content='ocr_page ocr_carea ocr_par ocr_line ocrx_word'/>
</head>
<body>
  <div class='ocr_page' id='page_1' title='image "./dedictionegeorg00macrgoog_0040.png"; bbox 0 0 3270 5310; ppageno 0'>
   <div class='ocr_carea' id='block_1_1' title="bbox 409 1353 1088 1479">
    <p class='ocr_par' dir='ltr' id='par_1_1' title="bbox 409 1353 1088 1479">
     <span class='ocr_line' id='line_1_1' title="bbox 409 1353 1088 1479; baseline 0.009 -34"><span class='ocrx_word' id='word_1_1' title='bbox 409 1353 460 1446; x_wconf 88' lang='lat' dir='ltr'>De</span> <span class='ocrx_word' id='word_1_2' title='bbox 494 1353 717 1479; x_wconf 87' lang='lat' dir='ltr'>Macropedii</span> <span class='ocrx_word' id='word_1_3' title='bbox 752 1384 893 1477; x_wconf 83' lang='lat' dir='ltr'>genere</span> <span class='ocrx_word' id='word_1_4' title='bbox 928 1355 1088 1452; x_wconf 89' lang='lat' dir='ltr'>dicendi.</span> 
     </span>
    </p>
   </div>
   <div class='ocr_carea' id='block_1_2' title="bbox 648 1634 853 1642">
    <p class='ocr_par' dir='ltr' id='par_1_2' title="bbox 648 1634 853 1642">
     <span class='ocr_line' id='line_1_2' title="bbox 648 1634 853 1642; baseline 0.01 -2"><span class='ocrx_word' id='word_1_5' title='bbox 648 1634 853 1642; x_wconf 71' lang='lat'>———.-</span> 
     </span>
    </p>
   </div>
   <div class='ocr_carea' id='block_1_3' title="bbox 121 1863 1371 2990">
    <p class='ocr_par' dir='ltr' id='par_1_3' title="bbox 121 1863 1371 2990">
     <span class='ocr_line' id='line_1_3' title="bbox 170 1863 1371 1955; baseline 0.007 -28"><span class='ocrx_word' id='word_1_6' title='bbox 170 1863 372 1945; x_wconf 91' lang='lat' dir='ltr'>Macropedii</span> <span class='ocrx_word' id='word_1_7' title='bbox 395 1864 529 1930; x_wconf 85' lang='lat' dir='ltr'>fabulae</span> <span class='ocrx_word' id='word_1_8' title='bbox 554 1869 590 1930; x_wconf 95' lang='lat' dir='ltr'>et</span> <span class='ocrx_word' id='word_1_9' title='bbox 614 1883 704 1930; x_wconf 92' lang='lat' dir='ltr'>nunc</span> <span class='ocrx_word' id='word_1_10' title='bbox 725 1884 745 1931; x_wconf 90' lang='lat' dir='ltr'>a</span> <span class='ocrx_word' id='word_1_11' title='bbox 762 1868 843 1932; x_wconf 86' lang='lat' dir='ltr'>viris</span> <span class='ocrx_word' id='word_1_12' title='bbox 859 1867 968 1932; x_wconf 90' lang='lat' dir='ltr'>doctis</span> <span class='ocrx_word' id='word_1_13' title='bbox 986 1867 1012 1955; x_wconf 92' lang='lat'>¹)</span> <span class='ocrx_word' id='word_1_14' title='bbox 1027 1869 1214 1950; x_wconf 78' lang='lat' dir='ltr'><strong>probantur</strong></span> <span class='ocrx_word' id='word_1_15' title='bbox 1230 1874 1267 1935; x_wconf 90' lang='lat' dir='ltr'>et</span> <span class='ocrx_word' id='word_1_16' title='bbox 1282 1872 1371 1952; x_wconf 88' lang='lat' dir='ltr'>apud</span> 
     </span>
     <span class='ocr_line' id='line_1_4' title="bbox 126 1979 1371 2068; baseline 0.006 -25"><span class='ocrx_word' id='word_1_17' title='bbox 126 1979 285 2059; x_wconf 79' lang='lat' dir='ltr'>aequales</span> <span class='ocrx_word' id='word_1_18' title='bbox 320 1981 393 2045; x_wconf 91' lang='lat' dir='ltr'>eius</span> <span class='ocrx_word' id='word_1_19' title='bbox 424 1981 568 2046; x_wconf 91' lang='lat' dir='ltr'>summis</span> <span class='ocrx_word' id='word_1_20' title='bbox 599 1981 829 2047; x_wconf 85' lang='lat' dir='ltr'>efferebantur</span> <span class='ocrx_word' id='word_1_21' title='bbox 859 1982 1024 2050; x_wconf 83' lang='lat' dir='ltr'>laudibus</span> <span class='ocrx_word' id='word_1_22' title='bbox 1071 1985 1250 2066; x_wconf 84' lang='lat' dir='ltr'>Apellatur</span> <span class='ocrx_word' id='word_1_23' title='bbox 1281 1987 1371 2068; x_wconf 88' lang='lat' dir='ltr'>apud</span> 
     </span>
     <span class='ocr_line' id='line_1_5' title="bbox 125 2094 1370 2184; baseline 0.006 -26"><span class='ocrx_word' id='word_1_24' title='bbox 125 2094 282 2176; x_wconf 82' lang='lat' dir='ltr'>Foppens</span> <span class='ocrx_word' id='word_1_25' title='bbox 305 2098 374 2179; x_wconf 85' lang='lat' dir='ltr'>(pg.</span> <span class='ocrx_word' id='word_1_26' title='bbox 400 2096 481 2184; x_wconf 81' lang='lat'>340)</span> <span class='ocrx_word' id='word_1_27' title='bbox 507 2097 760 2162; x_wconf 79' lang='lat' dir='ltr'><strong>Grammaticus</strong></span> <span class='ocrx_word' id='word_1_28' title='bbox 783 2101 820 2162; x_wconf 89' lang='lat' dir='ltr'>et</span> <span class='ocrx_word' id='word_1_29' title='bbox 842 2097 950 2163; x_wconf 90' lang='lat' dir='ltr'>Poeta</span> <span class='ocrx_word' id='word_1_30' title='bbox 973 2100 1129 2164; x_wconf 83' lang='lat' dir='ltr'>Comicus</span> <span class='ocrx_word' id='word_1_31' title='bbox 1152 2118 1249 2166; x_wconf 90' lang='lat' dir='ltr'>rarae</span> <span class='ocrx_word' id='word_1_32' title='bbox 1274 2101 1370 2166; x_wconf 84' lang='lat' dir='ltr'>felici-</span> 
     </span>
     <span class='ocr_line' id='line_1_6' title="bbox 124 2211 1369 2294; baseline 0.008 -21"><span class='ocrx_word' id='word_1_33' title='bbox 124 2211 207 2274; x_wconf 80' lang='lat' dir='ltr'><strong>tatis</strong></span> <span class='ocrx_word' id='word_1_34' title='bbox 239 2214 275 2275; x_wconf 94' lang='lat' dir='ltr'>et</span> <span class='ocrx_word' id='word_1_35' title='bbox 302 2214 445 2276; x_wconf 86' lang='lat' dir='ltr'>exactae</span> <span class='ocrx_word' id='word_1_36' title='bbox 469 2211 671 2292; x_wconf 88' lang='lat' dir='ltr'>diligentiae.</span> <span class='ocrx_word' id='word_1_37' title='bbox 719 2213 763 2277; x_wconf 83' lang='lat' dir='ltr'>Et</span> <span class='ocrx_word' id='word_1_38' title='bbox 785 2214 938 2294; x_wconf 84' lang='lat' dir='ltr'>profecto</span> <span class='ocrx_word' id='word_1_39' title='bbox 962 2215 1071 2279; x_wconf 87' lang='lat' dir='ltr'>multa</span> <span class='ocrx_word' id='word_1_40' title='bbox 1092 2215 1127 2278; x_wconf 89' lang='lat' dir='ltr'>in</span> <span class='ocrx_word' id='word_1_41' title='bbox 1151 2215 1273 2281; x_wconf 82' lang='lat' dir='ltr'>fabulis</span> <span class='ocrx_word' id='word_1_42' title='bbox 1296 2217 1369 2283; x_wconf 91' lang='lat' dir='ltr'>eius</span> 
     </span>
     <span class='ocr_line' id='line_1_7' title="bbox 123 2326 1370 2411; baseline 0.008 -23"><span class='ocrx_word' id='word_1_43' title='bbox 123 2327 195 2391; x_wconf 89' lang='lat' dir='ltr'>iure</span> <span class='ocrx_word' id='word_1_44' title='bbox 219 2326 412 2393; x_wconf 88' lang='lat' dir='ltr'>laudantur.</span> <span class='ocrx_word' id='word_1_45' title='bbox 459 2328 522 2392; x_wconf 78' lang='lat' dir='ltr'>list</span> <span class='ocrx_word' id='word_1_46' title='bbox 545 2330 636 2394; x_wconf 91' lang='lat' dir='ltr'>enim</span> <span class='ocrx_word' id='word_1_47' title='bbox 659 2330 692 2393; x_wconf 93' lang='lat' dir='ltr'>in</span> <span class='ocrx_word' id='word_1_48' title='bbox 716 2330 914 2395; x_wconf 87' lang='lat' dir='ltr'>inventione</span> <span class='ocrx_word' id='word_1_49' title='bbox 938 2330 1122 2411; x_wconf 82' lang='lat' dir='ltr'>fecundae,</span> <span class='ocrx_word' id='word_1_50' title='bbox 1138 2332 1173 2395; x_wconf 92' lang='lat' dir='ltr'>in</span> <span class='ocrx_word' id='word_1_51' title='bbox 1189 2349 1370 2398; x_wconf 83' lang='lat' dir='ltr'>scenarum</span> 
     </span>
     <span class='ocr_line' id='line_1_8' title="bbox 125 2443 1371 2529; baseline 0.006 -23"><span class='ocrx_word' id='word_1_52' title='bbox 125 2443 368 2523; x_wconf 83' lang='lat' dir='ltr'>compositione</span> <span class='ocrx_word' id='word_1_53' title='bbox 399 2448 518 2526; x_wconf 90' lang='lat' dir='ltr'>aptus,</span> <span class='ocrx_word' id='word_1_54' title='bbox 551 2462 655 2510; x_wconf 88' lang='lat' dir='ltr'>verus</span> <span class='ocrx_word' id='word_1_55' title='bbox 686 2446 719 2510; x_wconf 91' lang='lat' dir='ltr'>in</span> <span class='ocrx_word' id='word_1_56' title='bbox 744 2446 920 2511; x_wconf 89' lang='lat' dir='ltr'>hominum</span> <span class='ocrx_word' id='word_1_57' title='bbox 943 2447 1094 2512; x_wconf 89' lang='lat' dir='ltr'>moribus</span> <span class='ocrx_word' id='word_1_58' title='bbox 1116 2448 1311 2529; x_wconf 85' lang='lat' dir='ltr'>pingendis,</span> <span class='ocrx_word' id='word_1_59' title='bbox 1336 2449 1371 2513; x_wconf 93' lang='lat' dir='ltr'>in</span> 
     </span>
     <span class='ocr_line' id='line_1_9' title="bbox 124 2560 1371 2645; baseline 0.005 -23"><span class='ocrx_word' id='word_1_60' title='bbox 124 2574 281 2624; x_wconf 87' lang='lat' dir='ltr'>sermone</span> <span class='ocrx_word' id='word_1_61' title='bbox 313 2560 487 2644; x_wconf 91' lang='lat' dir='ltr'>copiosus,</span> <span class='ocrx_word' id='word_1_62' title='bbox 510 2561 560 2625; x_wconf 88' lang='lat' dir='ltr'>ita</span> <span class='ocrx_word' id='word_1_63' title='bbox 583 2563 624 2626; x_wconf 90' lang='lat' dir='ltr'>ut</span> <span class='ocrx_word' id='word_1_64' title='bbox 646 2578 766 2626; x_wconf 91' lang='lat' dir='ltr'>omnes</span> <span class='ocrx_word' id='word_1_65' title='bbox 789 2578 872 2627; x_wconf 90' lang='lat' dir='ltr'>suae</span> <span class='ocrx_word' id='word_1_66' title='bbox 896 2564 1022 2627; x_wconf 88' lang='lat' dir='ltr'>aetatis</span> <span class='ocrx_word' id='word_1_67' title='bbox 1044 2565 1166 2644; x_wconf 86' lang='lat' dir='ltr'>poetas</span> <span class='ocrx_word' id='word_1_68' title='bbox 1189 2580 1371 2645; x_wconf 87' lang='lat' dir='ltr'>superasse</span> 
     </span>
     <span class='ocr_line' id='line_1_10' title="bbox 124 2674 1371 2763; baseline 0.005 -25"><span class='ocrx_word' id='word_1_69' title='bbox 124 2674 281 2739; x_wconf 88' lang='lat' dir='ltr'>videatur</span> <span class='ocrx_word' id='word_1_70' title='bbox 297 2675 333 2763; x_wconf 85' lang='lat'>²).</span> <span class='ocrx_word' id='word_1_71' title='bbox 383 2677 544 2756; x_wconf 88' lang='lat' dir='ltr'>Antiquis</span> <span class='ocrx_word' id='word_1_72' title='bbox 588 2677 693 2741; x_wconf 90' lang='lat' dir='ltr'>etiam</span> <span class='ocrx_word' id='word_1_73' title='bbox 728 2677 878 2741; x_wconf 89' lang='lat' dir='ltr'>nonnulli</span> <span class='ocrx_word' id='word_1_74' title='bbox 914 2695 992 2742; x_wconf 90' lang='lat' dir='ltr'>eum</span> <span class='ocrx_word' id='word_1_75' title='bbox 1028 2682 1253 2760; x_wconf 89' lang='lat' dir='ltr'>anteponunt.</span> <span class='ocrx_word' id='word_1_76' title='bbox 1300 2679 1371 2744; x_wconf 88' lang='lat' dir='ltr'>Sub</span> 
     </span>
     <span class='ocr_line' id='line_1_11' title="bbox 122 2789 1370 2875; baseline 0.006 -22"><span class='ocrx_word' id='word_1_77' title='bbox 122 2789 267 2870; x_wconf 86' lang='lat' dir='ltr'>imagine</span> <span class='ocrx_word' id='word_1_78' title='bbox 302 2809 406 2872; x_wconf 91' lang='lat' dir='ltr'>quam</span> <span class='ocrx_word' id='word_1_79' title='bbox 440 2793 623 2874; x_wconf 81' lang='lat' dir='ltr'>aspicimus</span> <span class='ocrx_word' id='word_1_80' title='bbox 657 2793 692 2856; x_wconf 92' lang='lat' dir='ltr'>in</span> <span class='ocrx_word' id='word_1_81' title='bbox 724 2792 903 2874; x_wconf 85' lang='lat' dir='ltr'>Foppensii</span> <span class='ocrx_word' id='word_1_82' title='bbox 930 2794 1006 2860; x_wconf 87' lang='lat' dir='ltr'>bibl.</span> <span class='ocrx_word' id='word_1_83' title='bbox 1032 2794 1166 2875; x_wconf 82' lang='lat' dir='ltr'>Belgica</span> <span class='ocrx_word' id='word_1_84' title='bbox 1189 2795 1223 2859; x_wconf 94' lang='lat' dir='ltr'>hi</span> <span class='ocrx_word' id='word_1_85' title='bbox 1247 2811 1370 2860; x_wconf 88' lang='lat' dir='ltr'>versus</span> 
     </span>
     <span class='ocr_line' id='line_1_12' title="bbox 121 2905 845 2990; baseline 0.007 -21"><span class='ocrx_word' id='word_1_86' title='bbox 121 2905 280 2987; x_wconf 89' lang='lat' dir='ltr'>leguntur</span> <span class='ocrx_word' id='word_1_87' title='bbox 303 2909 345 2973; x_wconf 91' lang='lat' dir='ltr'>ab</span> <span class='ocrx_word' id='word_1_88' title='bbox 369 2910 452 2973; x_wconf 80' lang='lat' dir='ltr'>Ant.</span> <span class='ocrx_word' id='word_1_89' title='bbox 478 2909 627 2974; x_wconf 85' lang='lat' dir='ltr'>Sanders</span> <span class='ocrx_word' id='word_1_90' title='bbox 651 2911 845 2990; x_wconf 87' lang='lat' dir='ltr'>compositi:</span> 
     </span>
    </p>
   </div>
   <div class='ocr_carea' id='block_1_4' title="bbox 333 3049 1131 3605">
    <p class='ocr_par' dir='ltr' id='par_1_4' title="bbox 335 3049 1115 3214">
     <span class='ocr_line' id='line_1_13' title="bbox 335 3049 1115 3117; baseline 0 -13"><span class='ocrx_word' id='word_1_91' title='bbox 335 3050 379 3105; x_wconf 88' lang='lat' dir='ltr'>Tu</span> <span class='ocrx_word' id='word_1_92' title='bbox 398 3049 505 3105; x_wconf 86' lang='lat' dir='ltr'>Seneca</span> <span class='ocrx_word' id='word_1_93' title='bbox 523 3052 554 3105; x_wconf 93' lang='lat' dir='ltr'>et</span> <span class='ocrx_word' id='word_1_94' title='bbox 573 3051 669 3105; x_wconf 87' lang='lat' dir='ltr'>nostri</span> <span class='ocrx_word' id='word_1_95' title='bbox 690 3053 773 3117; x_wconf 86' lang='lat' dir='ltr'>potes</span> <span class='ocrx_word' id='word_1_96' title='bbox 792 3065 856 3105; x_wconf 89' lang='lat' dir='ltr'>osse</span> <span class='ocrx_word' id='word_1_97' title='bbox 876 3050 1032 3105; x_wconf 87' lang='lat' dir='ltr'>Terentius</span> <span class='ocrx_word' id='word_1_98' title='bbox 1051 3051 1115 3104; x_wconf 87' lang='lat' dir='ltr'>aevi</span> 
     </span>
     <span class='ocr_line' id='line_1_14' title="bbox 370 3145 1044 3214; baseline 0 -13"><span class='ocrx_word' id='word_1_99' title='bbox 370 3145 426 3201; x_wconf 87' lang='lat' dir='ltr'>Seu</span> <span class='ocrx_word' id='word_1_100' title='bbox 445 3148 538 3202; x_wconf 90' lang='lat' dir='ltr'>struis</span> <span class='ocrx_word' id='word_1_101' title='bbox 557 3147 593 3202; x_wconf 88' lang='lat' dir='ltr'>ad</span> <span class='ocrx_word' id='word_1_102' title='bbox 612 3147 713 3202; x_wconf 82' lang='lat' dir='ltr'>faciles</span> <span class='ocrx_word' id='word_1_103' title='bbox 732 3148 800 3201; x_wconf 85' lang='lat' dir='ltr'>riva</span> <span class='ocrx_word' id='word_1_104' title='bbox 819 3148 937 3202; x_wconf 86' lang='lat' dir='ltr'>theatra</span> <span class='ocrx_word' id='word_1_105' title='bbox 958 3148 1044 3214; x_wconf 88' lang='lat' dir='ltr'>pedes</span> 
     </span>
    </p>

    <p class='ocr_par' dir='ltr' id='par_1_5' title="bbox 333 3243 1131 3397">
     <span class='ocr_line' id='line_1_15' title="bbox 333 3243 1131 3312; baseline -0.001 -13"><span class='ocrx_word' id='word_1_106' title='bbox 333 3245 391 3300; x_wconf 82' lang='lat' dir='ltr'>Seu</span> <span class='ocrx_word' id='word_1_107' title='bbox 411 3244 508 3312; x_wconf 90' lang='lat' dir='ltr'>ploras</span> <span class='ocrx_word' id='word_1_108' title='bbox 527 3245 670 3312; x_wconf 88' lang='lat' dir='ltr'>tragicas,</span> <span class='ocrx_word' id='word_1_109' title='bbox 690 3245 867 3311; x_wconf 86' lang='lat' dir='ltr'>Macropodi,</span> <span class='ocrx_word' id='word_1_110' title='bbox 886 3245 1016 3299; x_wconf 89' lang='lat' dir='ltr'>carmine</span> <span class='ocrx_word' id='word_1_111' title='bbox 1035 3243 1131 3299; x_wconf 86' lang='lat' dir='ltr'>clades</span> 
     </span>
     <span class='ocr_line' id='line_1_16' title="bbox 368 3342 987 3397; baseline -0.005 0"><span class='ocrx_word' id='word_1_112' title='bbox 368 3342 522 3397; x_wconf 87' lang='lat' dir='ltr'>Materiam</span> <span class='ocrx_word' id='word_1_113' title='bbox 542 3344 656 3397; x_wconf 89' lang='lat' dir='ltr'>sanctis</span> <span class='ocrx_word' id='word_1_114' title='bbox 674 3342 864 3397; x_wconf 88' lang='lat' dir='ltr'>adsimilante</span> <span class='ocrx_word' id='word_1_115' title='bbox 884 3342 987 3396; x_wconf 86' lang='lat' dir='ltr'>modis.</span> 
     </span>
    </p>

    <p class='ocr_par' dir='ltr' id='par_1_6' title="bbox 333 3440 1072 3605">
     <span class='ocr_line' id='line_1_17' title="bbox 333 3440 1072 3507; baseline -0.003 -12"><span class='ocrx_word' id='word_1_116' title='bbox 333 3440 440 3495; x_wconf 87' lang='lat' dir='ltr'>Desine</span> <span class='ocrx_word' id='word_1_117' title='bbox 459 3440 519 3494; x_wconf 87' lang='lat' dir='ltr'>iam</span> <span class='ocrx_word' id='word_1_118' title='bbox 540 3441 640 3495; x_wconf 86' lang='lat' dir='ltr'>Latios</span> <span class='ocrx_word' id='word_1_119' title='bbox 659 3440 761 3494; x_wconf 87' lang='lat' dir='ltr'>mirari</span> <span class='ocrx_word' id='word_1_120' title='bbox 782 3440 877 3495; x_wconf 86' lang='lat' dir='ltr'>Roma</span> <span class='ocrx_word' id='word_1_121' title='bbox 896 3440 1072 3507; x_wconf 87' lang='lat' dir='ltr'>cothurnos;</span> 
     </span>
     <span class='ocr_line' id='line_1_18' title="bbox 368 3536 1030 3605; baseline -0.003 -14"><span class='ocrx_word' id='word_1_122' title='bbox 368 3537 472 3592; x_wconf 89' lang='lat' dir='ltr'>Nescio</span> <span class='ocrx_word' id='word_1_123' title='bbox 492 3538 562 3605; x_wconf 83' lang='lat' dir='ltr'>quid</span> <span class='ocrx_word' id='word_1_124' title='bbox 582 3538 680 3591; x_wconf 86' lang='lat' dir='ltr'>maius</span> <span class='ocrx_word' id='word_1_125' title='bbox 700 3537 815 3605; x_wconf 83' lang='lat' dir='ltr'>Belgica</span> <span class='ocrx_word' id='word_1_126' title='bbox 834 3551 922 3592; x_wconf 87' lang='lat' dir='ltr'>scena</span> <span class='ocrx_word' id='word_1_127' title='bbox 940 3536 1030 3591; x_wconf 87' lang='lat' dir='ltr'>dabit.</span> 
     </span>
    </p>
   </div>
   <div class='ocr_carea' id='block_1_5' title="bbox 120 3685 1368 3884">
    <p class='ocr_par' dir='ltr' id='par_1_7' title="bbox 120 3685 1368 3884">
     <span class='ocr_line' id='line_1_19' title="bbox 165 3685 1368 3768; baseline -0.002 -16"><span class='ocrx_word' id='word_1_128' title='bbox 165 3688 315 3753; x_wconf 87' lang='lat' dir='ltr'>Ridicule</span> <span class='ocrx_word' id='word_1_129' title='bbox 350 3687 440 3751; x_wconf 91' lang='lat' dir='ltr'>hunc</span> <span class='ocrx_word' id='word_1_130' title='bbox 474 3692 614 3768; x_wconf 90' lang='lat' dir='ltr'>poetam</span> <span class='ocrx_word' id='word_1_131' title='bbox 644 3688 678 3751; x_wconf 90' lang='lat' dir='ltr'>in</span> <span class='ocrx_word' id='word_1_132' title='bbox 710 3687 878 3752; x_wconf 88' lang='lat' dir='ltr'>laudando</span> <span class='ocrx_word' id='word_1_133' title='bbox 910 3686 1048 3750; x_wconf 89' lang='lat' dir='ltr'>modum</span> <span class='ocrx_word' id='word_1_134' title='bbox 1071 3687 1263 3750; x_wconf 84' lang='lat' dir='ltr'>excessisse</span> <span class='ocrx_word' id='word_1_135' title='bbox 1287 3685 1368 3749; x_wconf 91' lang='lat' dir='ltr'>nihil</span> 
     </span>
     <span class='ocr_line' id='line_1_20' title="bbox 120 3801 1366 3884; baseline -0.004 -15"><span class='ocrx_word' id='word_1_136' title='bbox 120 3804 247 3869; x_wconf 87' lang='lat' dir='ltr'>attinet</span> <span class='ocrx_word' id='word_1_137' title='bbox 276 3804 396 3869; x_wconf 88' lang='lat' dir='ltr'>dicere.</span> <span class='ocrx_word' id='word_1_138' title='bbox 445 3805 612 3868; x_wconf 83' lang='lat' dir='ltr'>Attamen</span> <span class='ocrx_word' id='word_1_139' title='bbox 644 3804 749 3867; x_wconf 89' lang='lat' dir='ltr'>etiam</span> <span class='ocrx_word' id='word_1_140' title='bbox 780 3802 928 3884; x_wconf 86' lang='lat' dir='ltr'>Jacoby,</span> <span class='ocrx_word' id='word_1_141' title='bbox 953 3801 1005 3867; x_wconf 92' lang='lat' dir='ltr'>vir</span> <span class='ocrx_word' id='word_1_142' title='bbox 1028 3801 1178 3882; x_wconf 89' lang='lat' dir='ltr'>prudens</span> <span class='ocrx_word' id='word_1_143' title='bbox 1202 3803 1239 3865; x_wconf 91' lang='lat' dir='ltr'>et</span> <span class='ocrx_word' id='word_1_144' title='bbox 1263 3801 1366 3865; x_wconf 89' lang='lat' dir='ltr'>consi-</span> 
     </span>
    </p>
   </div>
   <div class='ocr_carea' id='block_1_6' title="bbox 122 3985 326 3993">
    <p class='ocr_par' dir='ltr' id='par_1_8' title="bbox 122 3985 326 3993">
     <span class='ocr_line' id='line_1_21' title="bbox 122 3985 326 3993; baseline -0.01 0"><span class='ocrx_word' id='word_1_145' title='bbox 122 3985 326 3993; x_wconf 57' lang='lat' dir='ltr'>——u—</span> 
     </span>
    </p>
   </div>
   <div class='ocr_carea' id='block_1_7' title="bbox 113 4097 1367 4702">
    <p class='ocr_par' dir='ltr' id='par_1_9' title="bbox 156 4097 1366 4168">
     <span class='ocr_line' id='line_1_22' title="bbox 156 4097 1366 4168; baseline -0.003 -11"><span class='ocrx_word' id='word_1_146' title='bbox 156 4106 176 4166; x_wconf 88' lang='grc'>1)</span> <span class='ocrx_word' id='word_1_147' title='bbox 195 4101 268 4157; x_wconf 88' lang='lat' dir='ltr'>Vide</span> <span class='ocrx_word' id='word_1_148' title='bbox 281 4101 414 4165; x_wconf 77' lang='lat' dir='ltr'>Jnoosr,</span> <span class='ocrx_word' id='word_1_149' title='bbox 428 4115 524 4168; x_wconf 83' lang='lat' dir='ltr'>progr.</span> <span class='ocrx_word' id='word_1_150' title='bbox 539 4101 657 4164; x_wconf 81' lang='lat'>19-20,</span> <span class='ocrx_word' id='word_1_151' title='bbox 671 4099 770 4163; x_wconf 87' lang='lat' dir='ltr'>Bolte,</span> <span class='ocrx_word' id='word_1_152' title='bbox 782 4099 890 4153; x_wconf 88' lang='lat' dir='ltr'>introd.</span> <span class='ocrx_word' id='word_1_153' title='bbox 904 4098 936 4152; x_wconf 90' lang='lat' dir='ltr'>in</span> <span class='ocrx_word' id='word_1_154' title='bbox 950 4098 1084 4162; x_wconf 79' lang='lat' dir='ltr'>Rebili,</span> <span class='ocrx_word' id='word_1_155' title='bbox 1098 4097 1246 4152; x_wconf 79' lang='lat' dir='ltr'>Hsnronn</span> <span class='ocrx_word' id='word_1_156' title='bbox 1261 4097 1279 4151; x_wconf 94' lang='lat' dir='ltr'>l.</span> <span class='ocrx_word' id='word_1_157' title='bbox 1291 4097 1307 4150; x_wconf 88' lang='lat' dir='ltr'>l.</span> <span class='ocrx_word' id='word_1_158' title='bbox 1321 4097 1366 4153; x_wconf 79' lang='lat'>87.</span> 
     </span>
    </p>

    <p class='ocr_par' dir='ltr' id='par_1_10' title="bbox 115 4186 1364 4423">
     <span class='ocr_line' id='line_1_23' title="bbox 153 4186 1364 4257; baseline -0.006 -11"><span class='ocrx_word' id='word_1_159' title='bbox 153 4192 177 4255; x_wconf 84' lang='lat'>²)</span> <span class='ocrx_word' id='word_1_160' title='bbox 194 4192 327 4255; x_wconf 79' lang='lat' dir='ltr'>Jncosr,</span> <span class='ocrx_word' id='word_1_161' title='bbox 353 4204 448 4257; x_wconf 81' lang='lat' dir='ltr'>progr.</span> <span class='ocrx_word' id='word_1_162' title='bbox 472 4191 508 4245; x_wconf 83' lang='lat'>20</span> <span class='ocrx_word' id='word_1_163' title='bbox 533 4190 630 4243; x_wconf 91' lang='lat' dir='ltr'>Wenn</span> <span class='ocrx_word' id='word_1_164' title='bbox 656 4203 724 4243; x_wconf 88' lang='lat' dir='ltr'>man</span> <span class='ocrx_word' id='word_1_165' title='bbox 746 4188 831 4242; x_wconf 90' lang='lat' dir='ltr'>Hans</span> <span class='ocrx_word' id='word_1_166' title='bbox 849 4188 942 4243; x_wconf 84' lang='lat' dir='ltr'>Sachs</span> <span class='ocrx_word' id='word_1_167' title='bbox 961 4186 1018 4240; x_wconf 92' lang='lat' dir='ltr'>mit</span> <span class='ocrx_word' id='word_1_168' title='bbox 1037 4186 1133 4241; x_wconf 86' lang='lat' dir='ltr'>Reeht</span> <span class='ocrx_word' id='word_1_169' title='bbox 1151 4186 1208 4241; x_wconf 87' lang='lat' dir='ltr'>den</span> <span class='ocrx_word' id='word_1_170' title='bbox 1226 4187 1364 4253; x_wconf 84' lang='lat' dir='ltr'>grossten</span> 
     </span>
     <span class='ocr_line' id='line_1_24' title="bbox 116 4273 1364 4338; baseline -0.006 -3"><span class='ocrx_word' id='word_1_171' title='bbox 116 4280 206 4335; x_wconf 77' lang='lat' dir='ltr'>uniar</span> <span class='ocrx_word' id='word_1_172' title='bbox 229 4281 287 4334; x_wconf 88' lang='lat' dir='ltr'>den</span> <span class='ocrx_word' id='word_1_173' title='bbox 305 4279 475 4334; x_wconf 86' lang='lat' dir='ltr'>Deutschen</span> <span class='ocrx_word' id='word_1_174' title='bbox 494 4277 704 4333; x_wconf 85' lang='lat' dir='ltr'>Dramatikern</span> <span class='ocrx_word' id='word_1_175' title='bbox 723 4278 775 4331; x_wconf 86' lang='lat' dir='ltr'>des</span> <span class='ocrx_word' id='word_1_176' title='bbox 796 4276 872 4332; x_wconf 54' lang='lat'>162011</span> <span class='ocrx_word' id='word_1_177' title='bbox 890 4275 1111 4331; x_wconf 87' lang='lat' dir='ltr'>Jahrhunderts</span> <span class='ocrx_word' id='word_1_178' title='bbox 1130 4288 1249 4328; x_wconf 88' lang='lat' dir='ltr'>nennen</span> <span class='ocrx_word' id='word_1_179' title='bbox 1269 4273 1364 4338; x_wconf 89' lang='lat' dir='ltr'>kann,</span> 
     </span>
     <span class='ocr_line' id='line_1_25' title="bbox 115 4363 1167 4423; baseline -0.007 0"><span class='ocrx_word' id='word_1_180' title='bbox 115 4383 148 4423; x_wconf 88' lang='lat' dir='ltr'>so</span> <span class='ocrx_word' id='word_1_181' title='bbox 168 4369 303 4423; x_wconf 81' lang='lat' dir='ltr'>verriient</span> <span class='ocrx_word' id='word_1_182' title='bbox 322 4369 541 4423; x_wconf 77' lang='lat' dir='ltr'>Mnosornmos</span> <span class='ocrx_word' id='word_1_183' title='bbox 559 4366 639 4421; x_wconf 87' lang='lat' dir='ltr'>disse</span> <span class='ocrx_word' id='word_1_184' title='bbox 658 4365 748 4420; x_wconf 83' lang='lat' dir='ltr'>Stella</span> <span class='ocrx_word' id='word_1_185' title='bbox 768 4367 857 4420; x_wconf 88' lang='lat' dir='ltr'>unter</span> <span class='ocrx_word' id='word_1_186' title='bbox 874 4365 932 4419; x_wconf 89' lang='lat' dir='ltr'>don</span> <span class='ocrx_word' id='word_1_187' title='bbox 951 4363 1167 4418; x_wconf 86' lang='lat' dir='ltr'>Latcinischen.</span> 
     </span>
    </p>

    <p class='ocr_par' dir='ltr' id='par_1_11' title="bbox 113 4450 1367 4702">
     <span class='ocr_line' id='line_1_26' title="bbox 152 4450 1367 4525; baseline -0.007 -13"><span class='ocrx_word' id='word_1_188' title='bbox 152 4457 301 4512; x_wconf 79' lang='lat' dir='ltr'>Hsnroso</span> <span class='ocrx_word' id='word_1_189' title='bbox 327 4470 391 4525; x_wconf 88' lang='lat' dir='ltr'>pag.</span> <span class='ocrx_word' id='word_1_190' title='bbox 419 4457 455 4511; x_wconf 88' lang='lat'>84</span> <span class='ocrx_word' id='word_1_191' title='bbox 480 4456 536 4511; x_wconf 89' lang='lat' dir='ltr'>His</span> <span class='ocrx_word' id='word_1_192' title='bbox 560 4455 739 4519; x_wconf 83' lang='lat' dir='ltr'>(Reuchlini)</span> <span class='ocrx_word' id='word_1_193' title='bbox 765 4453 878 4508; x_wconf 85' lang='lat' dir='ltr'>mantle</span> <span class='ocrx_word' id='word_1_194' title='bbox 897 4453 945 4507; x_wconf 81' lang='lat' dir='ltr'>fell</span> <span class='ocrx_word' id='word_1_195' title='bbox 964 4452 1089 4520; x_wconf 87' lang='lat' dir='ltr'>directly</span> <span class='ocrx_word' id='word_1_196' title='bbox 1109 4465 1189 4518; x_wconf 89' lang='lat' dir='ltr'>upon</span> <span class='ocrx_word' id='word_1_197' title='bbox 1207 4465 1224 4505; x_wconf 86' lang='lat' dir='ltr'>a</span> <span class='ocrx_word' id='word_1_198' title='bbox 1244 4465 1315 4504; x_wconf 87' lang='lat' dir='ltr'>man</span> <span class='ocrx_word' id='word_1_199' title='bbox 1335 4450 1367 4504; x_wconf 86' lang='lat' dir='ltr'>of</span> 
     </span>
     <span class='ocr_line' id='line_1_27' title="bbox 113 4539 1363 4614; baseline -0.008 -13"><span class='ocrx_word' id='word_1_200' title='bbox 113 4547 199 4613; x_wconf 84' lang='lat' dir='ltr'>great</span> <span class='ocrx_word' id='word_1_201' title='bbox 216 4547 384 4611; x_wconf 88' lang='lat' dir='ltr'>eminenoe,</span> <span class='ocrx_word' id='word_1_202' title='bbox 408 4545 547 4614; x_wconf 85' lang='lat' dir='ltr'>probably</span> <span class='ocrx_word' id='word_1_203' title='bbox 566 4545 598 4599; x_wconf 85' lang='lat' dir='ltr'>of</span> <span class='ocrx_word' id='word_1_204' title='bbox 614 4544 652 4598; x_wconf 89' lang='lat' dir='ltr'>all</span> <span class='ocrx_word' id='word_1_205' title='bbox 672 4545 795 4598; x_wconf 86' lang='lat' dir='ltr'>modern</span> <span class='ocrx_word' id='word_1_206' title='bbox 815 4543 902 4598; x_wconf 88' lang='lat' dir='ltr'>Latin</span> <span class='ocrx_word' id='word_1_207' title='bbox 921 4541 1096 4597; x_wconf 88' lang='lat' dir='ltr'>dramatists</span> <span class='ocrx_word' id='word_1_208' title='bbox 1116 4540 1168 4594; x_wconf 87' lang='lat' dir='ltr'>the</span> <span class='ocrx_word' id='word_1_209' title='bbox 1186 4553 1242 4593; x_wconf 92' lang='lat' dir='ltr'>one</span> <span class='ocrx_word' id='word_1_210' title='bbox 1261 4539 1363 4592; x_wconf 86' lang='lat' dir='ltr'>whose</span> 
     </span>
     <span class='ocr_line' id='line_1_28' title="bbox 115 4630 1219 4702; baseline -0.005 -15"><span class='ocrx_word' id='word_1_211' title='bbox 115 4632 211 4689; x_wconf 85' lang='lat' dir='ltr'>talant</span> <span class='ocrx_word' id='word_1_212' title='bbox 230 4635 288 4690; x_wconf 86' lang='lat' dir='ltr'>had</span> <span class='ocrx_word' id='word_1_213' title='bbox 307 4635 360 4689; x_wconf 89' lang='lat' dir='ltr'>the</span> <span class='ocrx_word' id='word_1_214' title='bbox 379 4634 489 4702; x_wconf 87' lang='lat' dir='ltr'>largest</span> <span class='ocrx_word' id='word_1_215' title='bbox 509 4648 644 4689; x_wconf 85' lang='lat' dir='ltr'>measure</span> <span class='ocrx_word' id='word_1_216' title='bbox 662 4633 694 4687; x_wconf 87' lang='lat' dir='ltr'>of</span> <span class='ocrx_word' id='word_1_217' title='bbox 710 4633 830 4701; x_wconf 90' lang='lat' dir='ltr'>genius,</span> <span class='ocrx_word' id='word_1_218' title='bbox 849 4631 973 4686; x_wconf 76' lang='lat' dir='ltr'>Gnoson</span> <span class='ocrx_word' id='word_1_219' title='bbox 993 4630 1219 4684; x_wconf 75' lang='lat' dir='ltr'>Mncsorrrnrue.</span> 
     </span>
    </p>
   </div>
   <div class='ocr_carea' id='block_1_8' title="bbox 0 0 1640 5310">
    <p class='ocr_par' dir='ltr' id='par_1_12' title="bbox 0 0 1640 5310">
     <span class='ocr_line' id='line_1_29' title="bbox 0 0 1640 5310; baseline 0 4"><span class='ocrx_word' id='word_1_220' title='bbox 0 0 1640 5310; x_wconf 95' lang='lat' dir='ltr'> </span> 
     </span>
    </p>
   </div>
  </div>
 </body>
</html>
