3270 5310
819 463 826 477 ·
855 427 917 492 128

259 618 365 683 etiam
395 617 476 684 Reb.
510 618 573 682 397
603 618 659 682 ubi
682 622 794 684 mater
817 619 867 683 ira
889 619 1029 683 incensa
1050 620 1085 683 in
1109 619 1243 686 scholae
1268 623 1437 685 rectorem
1460 621 1509 685 sic

258 732 448 797 invehitur:

318 846 323 854 Ι
438 873 538 942 Prodi,
557 874 683 929 nefande
702 874 854 941 sophista!
875 875 976 944 Prodi,
999 876 1114 930 sordide

436 970 629 1038 Philosophe,
649 971 802 1039 Aristippe
821 972 995 1041 impudens,
1016 975 1187 1027 monstrum
1207 972 1317 1028 ieruml

436 1068 492 1122 His
511 1068 662 1136 unguibus
681 1067 776 1122 malas
795 1070 865 1122 tuas
883 1069 1071 1123 convulsero!

303 1217 345 1280 Et
369 1220 580 1298 postpauca
604 1219 678 1283 404.

542 1377 659 1445 Nescis,
678 1376 817 1446 scelesta,
836 1376 1011 1446 trifurcifer,
1030 1377 1092 1432 fera
1111 1377 1218 1433 belua?

302 1525 380 1605 lpsa
403 1525 518 1590 schola
541 1543 562 1590 a
585 1526 756 1606 discipulis
778 1527 938 1591 laudatur
960 1527 1013 1591 his
1038 1528 1167 1592 verbis:
1192 1528 1274 1594 Reb.
1300 1529 1375 1593 326.

488 1685 650 1752 Pereatqne
669 1685 840 1741 carnificina
859 1687 963 1742 nostra
982 1686 1054 1742 haec
1073 1686 1213 1751 fulmine,

487 1781 544 1836 Ubi
565 1782 607 1836 1111
627 1783 716 1837 sonat
734 1782 792 1837 nisi
813 1782 919 1853 flagra,
938 1784 1056 1853 caedes,
1075 1783 1223 1839 lacrimae.

487 1876 594 1934 Valeat
613 1881 787 1949 Aristippus
806 1893 914 1945 senex,
934 1880 1021 1949 trux,
1040 1879 1186 1935 carnifexl

389 1977 449 2030 486.
487 1977 592 2032 Valeat
612 1978 816 2047 philosophia,
836 1978 956 2032 valeant
976 1976 1144 2032 scholastici

487 2075 575 2143 Ludi,
594 2077 704 2130 antron
724 2075 778 2130 hoc
797 2075 911 2142 valeat,
930 2074 979 2128 ubi
999 2089 1059 2129 non
1079 2073 1136 2128 nisi
1157 2073 1278 2129 verbera

486 2171 524 2226 Et
545 2171 674 2227 eiulatus
695 2173 840 2241 perpetim
860 2173 968 2240 ingens
987 2171 1162 2239 personanti

299 2321 380 2387 Reb.
405 2323 470 2387 324
494 2323 610 2388 schola
633 2327 776 2388 vocatur
799 2323 1015 2403 ergastulum.

298 2437 408 2520 Nepos
439 2440 629 2504 convicium
660 2440 756 2520 pueri
785 2439 875 2504 inter
907 2454 944 2504 se
976 2439 1144 2518 usurpant
1168 2437 1304 2517 saepius
1326 2436 1361 2499 111
1384 2434 1502 2501 Rebel-

253 2551 356 2632 libus;
381 2555 495 2619 nebulo
518 2554 692 2620 invenitur
715 2555 812 2620 Bass.
836 2554 919 2629 679,
945 2554 1021 2618 986.

297 2669 410 2750 Longe
442 2673 559 2734 tamen
591 2670 811 2735 maledicendi
840 2669 935 2750 copia
959 2671 995 2733 et
1019 2668 1139 2749 peritia
1162 2667 1225 2733 viri
1248 2669 1456 2749 superantur
1480 2683 1501 2730 a

252 2784 457 2849 mulieribus.
506 2785 697 2851 Audiamus
732 2786 952 2866 Andrisoam,
987 2784 1150 2849 feminam
1184 2783 1274 2848 illam
1305 2783 1432 2848 fortem
1463 2787 1501 2847 et

253 2899 401 2981 virilem,
425 2901 587 2965 maritum
611 2902 771 2965 conviciis
794 2902 1076 2981 persequentem:

270 3042 362 3096 Andr.
382 3041 442 3096 357.
480 3043 608 3110 ignave,
627 3044 692 3097 tun'
707 3056 755 3097 me
775 3042 933 3098 verberes?
952 3041 1049 3096 latum
1069 3040 1123 3095 tibi

482 3139 620 3194 Culmum
640 3140 728 3207 (quod
747 3139 845 3206 aiunt)
865 3139 1041 3206 neutiquam
1061 3151 1284 3201 pessumum,

481 3236 643 3305 Quadrato,
661 3236 792 3305 sordide,
810 3235 960 3291 lutulente
979 3235 1116 3303 agrestio.

327 3361 358 3413 et
377 3360 438 3414 363.
848 3360 929 3428 Fuge
948 3360 1032 3425 hinc,
1051 3360 1115 3415 lues

483 3457 718 3526 Umbratilisque
736 3457 833 3526 larva,
852 3457 921 3526 iuge
940 3457 1050 3513 malam
1069 3457 1102 3512 in
1120 3469 1246 3511 crucem.

294 3607 338 3672 Et
361 3606 491 3689 Poma,
515 3608 670 3673 adultera
692 3609 764 3686 illa,
789 3609 824 3672 in
847 3609 1009 3673 maritum
1033 3607 1155 3689 ingerit
1171 3594 1272 3672 haec:
1292 3604 1401 3671 Andr.
1418 3605 1495 3670 937.

444 3777 537 3831 Poan.
664 3777 707 3831 Tu
726 3790 789 3846 me,
808 3777 924 3844 spurio,
942 3774 1039 3843 stupri
1058 3773 1187 3842 argues?

444 3872 536 3931 Brns.
556 3875 594 3929 Et
612 3889 717 3943 arguo,
736 3876 768 3929 et
786 3874 914 3941 castigo,
933 3873 1174 3940 castigaveroque

445 3972 602 4041 Acerbius‚
621 3972 693 4027 dum
713 3971 774 4026 iore
791 3970 883 4026 dabit.
903 3970 994 4025 Posr.
1014 3968 1054 4023 Te
1073 3967 1284 4034 obstringilent

443 4069 692 4137 Cacodaemones,
712 4083 783 4138 pus,
803 4067 867 4130 lex,
888 4067 1025 4136 putredo,
1044 4064 1201 4121 caruuiexl

293 4218 530 4284 Pulcherrimis
565 4222 682 4282 tamen
717 4217 877 4283 conviniis
906 4216 1046 4281 eaedem
1069 4215 1234 4278 honestae
1259 4214 1436 4277 matronae
1460 4211 1495 4274 in

247 4351 284 4399 se
307 4335 400 4415 ipsas
423 4337 587 4399 utuntur:
624 4333 730 4398 Andr.
757 4334 823 4397 460
845 4349 918 4412 sqq.

371 4478 472 4530 Anna.
492 4475 566 4542 Quid
586 4474 634 4529 hic
652 4475 707 4529 tibi
727 4475 856 4544 negocii,
875 4472 1086 4529 meretricula?

371 4573 463 4627 Posn.
483 4573 516 4627 Id
537 4573 617 4640 quod
633 4571 701 4641 tibi,
720 4574 825 4627 venter
844 4572 980 4640 sceleste,
998 4571 1029 4625 id
1048 4570 1125 4638 quod
1144 4569 1208 4623 tibi.

371 4671 444 4726 Tun'
464 4670 541 4726 hano
560 4670 715 4726 tabernam
735 4670 883 4738 propriam
904 4669 958 4724 tibi
979 4667 1139 4723 vendicas?
