3270 5310
818 441 881 504 116

221 648 332 711 neque
363 630 435 696 aliis
466 631 670 697 invidentes,
718 631 773 696 lta
803 632 958 697 homines
990 632 1136 697 iucunde
1160 636 1196 698 et
1218 633 1373 698 suaviter
1397 650 1472 698 coe-

222 753 346 812 nantes
363 748 454 812 oibos
471 747 691 812 deminutivis
708 747 877 828 appellare
893 747 1013 814 solent.
1040 748 1231 813 Audiamus
1247 748 1473 829 Laemargum

221 863 346 927 fratres
377 880 459 928 suos
486 866 523 927 et
546 863 674 928 amicos
698 867 738 927 ut
761 866 902 929 strenue
925 864 1093 929 bonorum
1116 864 1340 929 convivarum
1364 864 1472 929 odloio

221 978 409 1058 irrugantur
433 979 694 1043 adhortantem:
719 979 797 1044 Lan.
825 980 911 1043 1078
935 996 1006 1059 sqq.

633 1136 813 1206 Daemones,
832 1138 867 1192 tu
887 1138 935 1193 his
954 1137 1093 1193 clunibus

470 1233 619 1306 Lepnsculi
638 1234 741 1292 clunes
761 1236 831 1290 tuos
850 1249 945 1303 pasce.
983 1235 1105 1302 Hosque
1124 1237 1174 1305 tu,

473 1331 632 1394 lierlmne,
652 1332 725 1399 qulu
745 1331 913 1402 copunmilos
931 1332 1094 1387 deartuas?

473 1426 550 1495 Quin
569 1442 645 1483 uxor
664 1427 737 1482 haec
754 1429 897 1497 discerpis
915 1427 1032 1483 altilia?
1070 1429 1144 1496 Quid
1163 1429 1218 1484 hos

470 1524 592 1579 Fratres
611 1525 669 1580 mei
690 1539 750 1579 non
769 1525 925 1580 dissecatis
945 1525 1074 1579 turdulos

472 1620 655 1690 Perdiculom
674 1621 814 1678 ficedulas
833 1623 863 1676 et
882 1621 1043 1691 moulos?
1059 1625 1080 1690 ¹)

267 1769 485 1835 Hilaritatern
525 1771 718 1851 significant
757 1788 890 1852 quoque
929 1772 1143 1836 deminutiva
1176 1773 1211 1836 in
1245 1773 1471 1838 locutionibus

223 1886 392 1952 nonnullis
427 1903 513 1967 quae
548 1887 725 1967 aliquoties
758 1887 847 1968 apud
879 1891 1037 1952 nostrum
1067 1888 1300 1954 inveniuntur.
1348 1887 1471 1967 Quales

222 2005 320 2066 sunt:
367 2001 479 2066 Bellos
504 2001 719 2067 homunculos
742 2019 860 2082 agere:

338 2144 423 2198 Asot.
442 2144 502 2199 203.
542 2145 579 2200 Et
597 2143 751 2211 indulgere
769 2143 862 2199 Genio
882 2145 913 2198 st
933 2142 1114 2199 homunculos

545 2241 641 2296 Bellos
660 2255 745 2309 agere
764 2242 879 2295 mensis
897 2241 1027 2309 iocisque
1046 2241 1229 2309 Sybariticis.

355 2363 425 2418 Reb.
445 2363 505 2418 325.
543 2367 678 2433 Agamus
697 2365 803 2419 amodo
823 2364 1005 2418 homunculos
1024 2364 1122 2419 bellos.

386 2529 399 2556 ‚‚
448 2487 508 2542 588.
546 2487 677 2542 Edamus
695 2489 726 2542 et
744 2487 881 2542 bibamus
899 2489 989 2555 atque
1009 2487 1190 2543 lamuncuus

546 2583 731 2639 Bellissimos
750 2598 883 2652 agamus.

380 2707 426 2761 Al.
445 2707 506 2761 227.
543 2707 677 2775 Uterque
695 2708 756 2762 iarn
778 2710 807 2762 te
826 2707 906 2762 intro
926 2708 1080 2776 sequimur

543 2804 640 2860 Bellos
660 2804 841 2859 homunculos
859 2805 899 2859 lbi
919 2805 1024 2860 acturi.

350 2927 428 2983 Petr.
448 2927 508 2981 769.
545 2927 642 2982 Bellos
660 2941 785 2995 agamus
806 2927 1002 2992 homltllculus,
1022 2942 1104 2982 meso
1123 2927 1282 2983 animulae.

372 3048 412 3105 cf.
432 3051 517 3104 Asot.
535 3051 596 3106 603.
633 3050 707 3106 Cum
727 3050 845 3106 bellulis
864 3050 1040 3106 homunculis

633 3147 671 3202 at
689 3148 822 3203 candidis
842 3147 981 3216 puellulis

635 3245 785 3312 Porrigere
803 3245 934 3301 frontem
954 3247 979 3300 si
999 3245 1072 3301 libet

634 3343 667 3397 ld
687 3344 807 3410 propter
825 3343 958 3410 inopiam
978 3343 1057 3398 haud
1076 3343 1154 3399 licet.

271 3481 453 3548 Culleolum
477 3499 596 3548 curare
619 3484 727 3547 altera
750 3484 915 3548 eiusmodi
938 3484 1063 3550 locutio
1086 3488 1151 3551 est.

307 3644 392 3698 Asot.
413 3643 490 3698 1246.
527 3643 593 3698 lam
612 3656 682 3698 vero
701 3657 806 3698 eamus
825 3645 860 3698 ut
879 3643 1030 3698 cuticulam
1050 3643 1180 3699 molliter

525 3740 678 3794 Curemus.

337 3863 407 3918 Reb.
426 3863 486 3917 494.
525 3863 585 3917 Nos
604 3864 708 3918 contra
725 3864 758 3918 in
777 3864 854 3918 hanc
873 3863 1027 3919 tabernam
1047 3878 1166 3929 eamus,
1185 3864 1336 3920 aniculam

526 3959 670 4016 (iuremus
688 3961 805 4025 Cerere,
824 3961 938 4016 Baccho
956 3962 986 4016 et
1006 3961 1102 4031 epulis
1120 3962 1290 4030 splendidis

326 4085 407 4139 Base.
426 4084 487 4140 209.
524 4084 635 4139 Blande
654 4086 685 4139 et
704 4099 794 4140 suave
814 4085 966 4139 cuticulam
983 4085 1163 4141 curabimus.

224 4260 431 4269 *-

262 4388 284 4453 ¹)
303 4387 362 4442 Alii
386 4387 440 4442 loci
461 4387 509 4442 ubi
529 4387 584 4442 cibi
603 4388 800 4442 deminutivis
818 4389 1020 4457 appellantur,
1039 4391 1127 4444 sunt:
1153 4391 1237 4446 Asot.
1256 4390 1309 4444 245
1323 4390 1468 4460 pusula,

222 4474 276 4529 485
302 4474 499 4539 Prusermclos,
529 4475 708 4545 lepusculum.
746 4476 792 4532 Al.
820 4479 855 4532 40
882 4477 1006 4545 turduli,
1033 4479 1066 4531 41
1088 4477 1274 4548 placentulas.
1310 4478 1393 4534 Bass-
1417 4481 1468 4535 153

222 4563 393 4618 murenulae.
431 4565 501 4619 1010
518 4564 619 4619 sucula
637 4565 734 4620 Adam
752 4566 806 4620 826
826 4566 972 4621 lactuculis
988 4566 1067 4635 Hyp.
1080 4566 1133 4621 877
1146 4567 1323 4623 holusculum
1335 4568 1359 4622 Ι.
1372 4567 1400 4622 S.
1413 4567 1468 4623 cte

221 4652 383 4724 repunculi.
