3270 5310
777 395 840 459 188

521 585 566 649 Te
590 586 706 667 itaque
729 589 972 668 magistratum
995 590 1092 656 decet

477 699 642 765 Venerari
665 702 792 768 honore
816 703 946 785 debito,

478 816 572 896 Quod
596 818 733 884 Caesari
755 821 827 902 ipse
852 824 1025 902 praestitit

477 933 649 1008 Christus,
675 936 815 1017 suisque
839 938 988 1004 tradidit.

521 1102 590 1183 Ne,
615 1103 696 1168 dum
720 1104 791 1170 Iovi
815 1106 1026 1188 recalcitres,

476 1218 627 1284 Iaculato
650 1220 692 1284 ab
716 1237 780 1285 axe
805 1221 927 1287 coelico

478 1332 562 1397 Cum
586 1335 789 1423 immanibus
812 1338 1019 1418 gygantibus

478 1447 603 1514 Pereas
627 1451 763 1517 trisulco
787 1452 935 1520 fulmine.
960 1467 966 1475 ·

409 1934 543 2014 Actus
581 1936 768 2033 quintus.
855 1937 1022 2028 Scaena
1058 1942 1209 2038 prima

652 2408 792 2474 Inachia·
814 2412 968 2477 trimetri.

492 2602 679 2667 (incamus.
728 2602 898 2668 Gnarus.
947 2604 1130 2670 eruaons.

336 2796 540 2861 Putavimus
564 2814 624 2877 pro
650 2797 777 2868 ioribus
800 2797 854 2866 his
878 2798 1117 2864 bacchantium

336 2911 473 2994 Pugnas
497 2912 620 2992 iuisso;
645 2913 714 2977 iam
737 2912 818 2979 nibil
842 2913 1052 2980 timultuum.

337 3027 436 3092 Prodi
460 3028 567 3107 foras,
592 3028 738 3109 Galene,
762 3045 929 3109 ungemur
951 3029 1043 3095 ioris.

337 3144 421 3208 Gan.
447 3143 638 3209 Perterruit
661 3144 814 3224 profecto
838 3160 892 3209 me
917 3161 1050 3225 quoque
1073 3145 1259 3226 strepitus;

193 3259 288 3325 1085.
337 3259 403 3324 Sed
428 3259 497 3323 iam
521 3259 601 3340 quid
625 3276 712 3325 uxor
734 3259 879 3340 incipit?
902 3260 1065 3325 mandata
1088 3260 1150 3324 dat

334 3375 472 3455 Liturgo
496 3377 538 3440 ab
562 3376 659 3441 ostio.
707 3374 814 3441 Groa.
840 3374 889 3439 Ui·
912 3375 1048 3454 quidem
1071 3378 1152 3441 ante
1175 3375 1349 3455 dixeram,

335 3492 381 3555 Te
405 3495 546 3556 revocat
568 3492 675 3568 ultra,
701 3508 768 3556 non
794 3490 906 3555 ferens
929 3491 1131 3557 absentiam.

336 3607 405 3671 er.
431 3606 483 3670 Me
508 3606 610 3671 iussit
633 3606 715 3671 hera
738 3606 933 3686 quaesitum
956 3606 1049 3670 abire
1073 3607 1193 3672 herum
1216 3623 1334 3671 meum
1359 3610 1397 3672 et

338 3722 489 3786 Gnatum
514 3739 633 3803 suum,
658 3738 743 3803 quos
767 3721 824 3786 ubi
848 3721 948 3785 modo
971 3721 1146 3786 inveniam
1169 3720 1259 3786 haud
1284 3721 1367 3787 scio.

194 3840 289 3904 1090.
338 3841 387 3902 At
410 3838 513 3903 herus
537 3838 578 3903 ad
604 3839 706 3903 aedes
732 3838 884 3902 Gnorimi
907 3837 1072 3902 iocundus
1095 3840 1159 3904 est.

338 3955 444 4019 Guoa.
463 3954 553 4019 Num
566 3957 602 4018 te
615 3938 727 4035 petit?
752 3952 838 4032 Quid
851 3952 1023 4017 dixeram?
1048 3953 1131 4018 Gan,
1145 3951 1232 4015 Men’
1246 3952 1312 4031 vis,
1330 3954 1442 4032 puer?

337 4070 406 4135 er.
433 4070 478 4134 Te
503 4072 601 4151 rogat
624 4070 706 4134 hera
730 4071 769 4134 ut
793 4085 895 4148 quam
920 4069 1088 4150 ocyssime
1112 4067 1232 4133 venias
1255 4066 1418 4146 domum,

339 4185 434 4265 Quod
458 4185 612 4266 hospites
636 4184 780 4249 vocandi
805 4186 840 4247 et
864 4183 929 4247 alia
952 4183 988 4246 in
1012 4182 1152 4247 aedibus

337 4300 436 4364 Prius
460 4299 648 4364 ordinanda
671 4300 742 4364 sint
765 4315 868 4379 quam
892 4298 1062 4372 coenites,

195 4417 289 4483 1095.
339 4417 516 4496 Rogatque
540 4415 629 4480 serio
652 4415 779 4479 honore
803 4431 863 4494 pro
887 4413 1074 4479 domestico

338 4533 486 4597 iniuriae
510 4532 556 4596 sis
581 4532 767 4595 immemor.
817 4530 924 4595 Gaba.
951 4529 1037 4609 Quin
1062 4546 1118 4593 me
1142 4529 1265 4608 rogat?

337 4649 406 4713 er.
433 4647 518 4727 Quid
542 4650 577 4711 te
602 4648 724 4727 roget?
772 4647 854 4712 Gan.
881 4646 930 4710 Ut
953 4645 1093 4710 iniuriae
1117 4644 1165 4709 sit
1188 4644 1380 4710 immemor.
