3270 5310
786 390 849 453 155

192 588 267 650 205.
316 584 405 649 Proh
428 584 597 665 Iuppiter,
621 583 700 663 quid
725 583 861 664 patior?
897 583 1050 649 Odeum
1074 584 1194 663 iidem,
1220 584 1246 649 Ο

317 700 539 783 Praeceptor,
565 717 584 764 o
607 700 825 780 praeceptori
873 699 947 766 Dm.
972 700 1018 764 Es
1041 701 1151 765 adhuc
1174 701 1364 766 innocens?

316 817 418 882 Pura.
443 815 728 896 Haudquaquam.
776 814 850 879 Dm.
876 816 998 881 Adhuc
1022 817 1204 881 testesuo?
1250 816 1351 882 Pura.

1000 933 1112 997 Testis
1134 933 1207 1013 ipse
1230 950 1326 1014 sum,

317 1049 387 1129 Ego
409 1049 481 1129 ipse
505 1065 582 1112 sum
606 1048 688 1112 furti
712 1048 872 1114 omnium.
900 1047 944 1112 ΟΙ
980 1047 1055 1115 Dm.
1078 1050 1128 1112 At
1144 1065 1211 1128 quo
1227 1048 1318 1113 elata
1334 1049 1444 1112 sunt?

316 1164 418 1230 Para.
443 1163 583 1227 Cahisco
607 1167 644 1228 et
667 1164 764 1228 alteri
789 1164 947 1246 Stypisoo
971 1164 1113 1240 tradidi,
1140 1164 1184 1229 01

265 1337 269 1344 .
318 1280 389 1343 Dm.
416 1279 513 1360 Digni
537 1279 690 1360 proiecto
714 1280 836 1360 quihus
860 1279 1016 1345 ferantur
1040 1280 1147 1360 plura.

319 1394 403 1475 Quid
428 1395 629 1460 reddidere?
676 1395 776 1460 Paua.
801 1395 909 1460 Furta
932 1399 1069 1476 praeter
1093 1413 1157 1460 sua
1180 1395 1271 1460 nihil.

319 1510 477 1576 Miserere
502 1514 558 1576 sat
580 1528 697 1593 caeso,
723 1511 767 1576 Ot
816 1512 889 1576 Dm.
915 1511 1073 1576 Patrahis
1098 1512 1246 1576 amodo?

319 1625 419 1691 Pura.
444 1626 628 1706 Nunquam
651 1630 845 1708 patravere.
893 1627 965 1692 Dm.
990 1627 1124 1692 Amodo
1148 1631 1183 1692 te
1207 1627 1381 1707 corriges?

252 1804 257 1816 ,
321 1741 417 1808 Para.
442 1742 647 1819 correxero,
672 1760 869 1824 correxero,
893 1743 1122 1808 miserescito!

266 1912 272 1924 .
319 1858 393 1923 Dm.
419 1857 553 1939 Surget.
580 1858 703 1923 Sedete
727 1859 762 1922 in
786 1859 894 1923 classe
918 1859 1060 1940 quisque
1084 1860 1227 1939 propria.

320 1974 429 2055 Cave,
454 1973 623 2057 Petrisce,
648 1991 691 2038 ne
716 1974 795 2054 quid
820 1975 910 2040 ultra
933 1975 1123 2040 exaudiam.

320 2088 421 2156 Paua.
446 2090 631 2155 Meminero
655 2091 737 2155 dum
762 2093 897 2171 tempus
914 2092 1014 2156 sinet.
1051 2091 1123 2155 Dm.
1149 2091 1234 2171 Quid
1251 2093 1445 2154 murmurat

320 2205 502 2286 Nequam?
549 2206 650 2271 Pera.
675 2204 774 2271 Nihil.
822 2206 896 2272 Dm.
921 2205 1176 2287 Nequissimum
1199 2205 1372 2286 ingenium

1139 2321 1231 2386 istud
1256 2324 1328 2400 est,

321 2440 422 2506 Cave.
470 2440 560 2505 Drsc.
586 2439 705 2520 Fugit,
729 2442 946 2520 praeceptor,
971 2438 1123 2502 excurrit
1146 2437 1277 2501 schola!

199 2568 206 2585 ·
267 2605 274 2618 .
322 2555 401 2620 Vin'
425 2557 491 2620 huc
514 2555 656 2619 reduci?
692 2555 765 2619 Dm.
791 2554 897 2630 Hem,
922 2557 1038 2618 currat
1061 2554 1095 2617 in
1118 2553 1244 2618 malam
1267 2553 1419 2617 crucem!

322 2671 423 2736 Pura.
448 2671 541 2751 Vah,
566 2670 699 2735 sordide
724 2687 763 2734 ao
787 2670 1017 2751 pedunculose
1040 2669 1234 2750 Didascale,

322 2786 507 2851 Meminero
530 2787 611 2851 dum
636 2803 768 2866 queam.
816 2786 904 2850 Drso.
928 2785 1095 2864 Minatur,
1120 2785 1297 2863 obstrepit.

322 2900 533 2982 Lapidesque
556 2902 683 2980 mittit,
709 2901 777 2966 vin’
802 2901 859 2965 citi
883 2900 1152 2981 prehendimus?

323 3016 397 3081 Dm.
421 3016 533 3081 Nolite
557 3017 632 3098 filii,
656 3034 719 3081 suo
743 3033 781 3081 ss
804 3019 959 3096 ternpore

201 3143 208 3163 ⁶
247 3135 275 3197 '.
321 3132 422 3213 Ipsus
446 3133 679 3215 prehenderit,
703 3133 797 3213 ipsus
820 3131 1015 3197 irretirerit.

323 3247 395 3313 Vos
419 3249 577 3328 expedite
602 3249 643 3312 ad
668 3249 732 3313 alia
756 3265 843 3328 quae
867 3263 1119 3329 proposueram.

324 3363 389 3428 Uhi
412 3363 586 3443 paululum
610 3364 798 3444 quieverim
822 3379 1032 3428 concessero.

325 3479 414 3546 Drsc.
439 3480 489 3543 En
514 3480 664 3561 expediti
689 3483 723 3544 te
747 3479 830 3543 soris
855 3479 1070 3543 morabimur.

325 3594 373 3659 Ut
395 3595 463 3659 iam
488 3595 662 3660 Petrisous
687 3595 794 3659 ululat
817 3598 898 3658 aute
922 3594 1024 3657 aedes
1049 3593 1149 3656 suast

202 3709 277 3774 230.
324 3708 468 3773 Matrem
493 3709 579 3773 illico
604 3710 796 3775 videbimus
821 3710 1012 3791 procedere.
1061 3709 1161 3771 Pure.
1187 3706 1282 3785 Heu,

326 3824 435 3889 Mater
459 3842 553 3909 mea,
578 3827 736 3908 obsecro,
760 3823 857 3906 prodi
880 3825 990 3889 forast
1039 3824 1128 3888 Drsc.
1155 3823 1247 3903 Opus
1272 3823 1411 3901 ingredi.
