3270 5310
834 420 897 482 114

281 610 388 677 Aluta
429 612 572 692 pecunia
611 564 731 676 carens
771 611 996 692 cauponariae
1036 610 1162 691 gallum
1200 611 1329 692 pignori
1368 629 1490 693 capere

239 728 372 809 paranti
397 744 435 791 se
458 727 612 792 debitum
636 744 716 792 mox
741 727 933 791 soluturam
956 725 1142 807 promittit;
1167 726 1219 792 Al.
1247 727 1329 790 319:

808 867 877 922 Mox
898 867 994 922 aderit
1013 867 1060 922 hic
1081 867 1219 937 pecunia,

449 964 519 1019 Mox
536 965 630 1019 aderit
650 966 680 1019 et
702 965 869 1020 Petronius.
897 964 989 1019 Toum.
1009 963 1093 1033 Mox,
1112 965 1194 1018 moxi
1214 964 1271 1017 nisi

449 1061 519 1116 Mos
539 1061 677 1127 solveris,
697 1062 766 1130 quia
786 1075 879 1129 usque
899 1076 978 1125 ocos,
997 1060 1094 1129 gallus
1119 1061 1228 1117 meust.

282 1201 416 1282 Optime
440 1201 474 1265 in
499 1202 610 1266 Asoto
633 1201 741 1283 patris
766 1202 916 1266 dolorem
942 1204 978 1265 et
1004 1201 1212 1266 maestitiam
1228 1203 1389 1283 exprimit
1404 1204 1488 1267 haec

238 1317 391 1383 iteratio:
417 1319 516 1384 Asot.
544 1317 639 1383 1415.

1010 1457 1152 1524 Quisnam
1171 1458 1254 1513 dabit

378 1556 472 1624 Capiti
494 1570 560 1610 meo
580 1557 678 1611 fontes
697 1570 859 1623 aquarum,
878 1556 912 1610 ut
932 1554 1100 1623 lachrymer
1120 1557 1225 1620 noctu,
1244 1555 1342 1625 fleam,

378 1653 435 1708 Diu
455 1652 553 1721 decom
574 1667 691 1720 semper
709 1652 793 1721 [ἱεαηι
812 1653 857 1722 te,
876 1651 917 1705 fili
939 1653 1047 1714 Asote,
1067 1652 1226 1718 perditum.

265 1793 330 1857 'lta
363 1793 398 1857 in
437 1792 569 1857 scaenis
601 1793 658 1857 ubi
691 1792 845 1856 homines
876 1793 1070 1873 pugnantes
1101 1796 1138 1857 et
1168 1793 1340 1874 rixantes,
1367 1795 1485 1858 verbe-

232 1912 350 1973 rantes
382 1911 418 1972 et
452 1908 657 1988 vapulantes
689 1907 915 1988 inducuntur,
947 1907 1097 1988 singulos
1125 1908 1214 1973 ictus
1238 1925 1340 1990 saepe
1364 1909 1484 1973 eadem

234 2024 339 2089 verba
364 2023 589 2103 comitantur,
615 2024 654 2086 ut
677 2023 783 2088 Andr.
810 2023 885 2088 353.

568 2164 627 2219 Sile
646 2163 762 2229 frutex,
783 2166 841 2218 tror’
861 2163 1041 2234 imperaveras
1059 2164 1151 2219 mili?

571 2261 640 2316 Tun’
660 2261 841 2332 imperaveris
858 2261 951 2316 milri?
970 2262 1024 2316 sile
1043 2263 1144 2318 frutex

568 2359 606 2412 Et
624 2360 717 2426 stirps
738 2358 864 2414 inutilis.

280 2493 335 2558 Sic
369 2493 588 2574 Byrsocopus
624 2492 666 2555 ad
702 2491 916 2556 sacerdotem
950 2492 984 2555 in
1017 2491 1183 2557 adulterio
1214 2492 1483 2575 deprehensum,

233 2625 336 2688 quem
360 2610 479 2671 tamen
504 2607 645 2671 caedere
670 2607 767 2671 nefas
792 2609 847 2671 est
869 2607 976 2672 Andr.
1004 2608 1099 2673 1172.

759 2749 801 2802 At
821 2750 851 2802 tu
870 2748 1005 2818 lucrator,
1023 2751 1055 2803 tu
1074 2749 1214 2817 turuditor,

572 2845 614 2900 Ne
634 2844 790 2912 vapulasse
809 2845 935 2914 dixeris,
955 2847 986 2899 fu
1006 2846 1146 2917 eonditor,

577 2942 619 2996 Tu
638 2941 781 2996 tamliforl

276 3067 353 3131 Laz.
380 3067 444 3130 771
472 3082 544 3145 sqq.
570 3065 728 3153 (Mendici
752 3065 930 3130 Bronchus
954 3069 990 3130 et
1014 3067 1165 3149 Typhlus
1189 3084 1210 3131 a
1233 3068 1362 3133 Thraso
1379 3085 1482 3134 servo

231 3181 466 3263 propelluntur
490 3183 532 3273 ab
557 3180 684 3269 ianua).

589 3323 642 3377 Ba.
667 3322 735 3390 'Qui
756 3323 911 3391 cesserim,
931 3323 980 3390 qui
1000 3323 1130 3378 claudico

319 3420 527 3475 Miserrimus?
548 3421 623 3476 Tun.
645 3421 710 3475 Idm
729 3419 875 3474 claudicol
895 3419 948 3473 Ba.
968 3418 1046 3474 Heul
1068 3420 1144 3475 Tun.
1164 3420 1231 3475 Iam
1250 3420 1396 3476 claudicet!

1182 3518 1235 3573 Ba.
1256 3517 1336 3573 Heul

282 3614 357 3668 Tne.
390 3614 459 3669 lam
478 3613 624 3669 claudicat
662 3614 715 3669 Ba.
736 3612 801 3667 Heu
822 3627 870 3668 me
891 3615 1051 3684 miserum,
1071 3617 1105 3670 ut
1125 3614 1173 3670 hio
1193 3615 1268 3670 mihi
1288 3616 1374 3684 panis
1392 3618 1441 3671 est

391 3711 523 3765 Acerbus
543 3712 574 3765 et
592 3710 788 3766 durissimus!
816 3711 892 3767 Tun.
913 3711 987 3778 Quid
1006 3712 1041 3766 tu
1061 3726 1177 3780 quoque

389 3808 512 3862 Moraris
532 3808 593 3876 hio,
615 3807 748 3876 palpator
768 3808 1009 3876 improbissime?

390 3904 506 3960 Turni.
527 3905 588 3972 Quo
606 3904 706 3967 abibo,
726 3906 775 3973 qui
797 3905 867 3960 eolis
885 3906 970 3960 iubar
989 3920 1050 3960 non
1069 3906 1171 3961 intuor

389 3999 451 4056 Hoc
470 4002 581 4070 absque
601 4001 693 4057 duce?
713 4003 788 4058 Tun.
819 4002 892 4056 Duce
912 4003 964 4058 hoc
982 4003 1047 4058 obii
1077 4003 1130 4058 Tr.
1151 4001 1229 4060 Heu!
1259 4002 1334 4060 Tun.
1354 4004 1429 4059 Duce

1075 4099 1126 4155 hoc
1145 4101 1205 4155 abii
1235 4100 1288 4157 Tr.
1308 4101 1388 4156 Heui

389 4194 465 4250 Tua.
485 4195 558 4249 Duce
578 4195 628 4250 hoc
647 4196 711 4250 oti!
740 4196 792 4251 Tr.
814 4196 881 4252 Heu
901 4198 1119 4259 miserrimum,
1139 4199 1189 4266 qui
1208 4198 1283 4252 nihil

390 4291 494 4346 Refero
513 4293 649 4362 aedibus,
668 4294 726 4347 nisi
747 4293 904 4349 verberum
923 4293 1039 4361 amplas
1058 4294 1170 4360 copiast

273 4415 355 4480 Cain
380 4416 524 4480 Abelem
548 4417 640 4481 fuste
664 4417 837 4482 occidens:
864 4418 976 4482 Adam
1000 4418 1075 4484 206.

316 4557 410 4612 Aean.
448 4557 592 4612 Animam
612 4572 711 4613 meam
730 4559 836 4613 insons
855 4557 952 4613 offero.
983 4558 1035 4614 Ga.
1057 4558 1132 4626 Offer
1151 4559 1270 4624 deicolo,

450 4653 524 4721 Offcr
545 4654 659 4719 deicolo,
683 4655 752 4722 offer
770 4656 876 4711 deicolo
895 4660 986 4724 atque
1007 4659 1138 4711 morere!
