3270 5310
825 384 845 445 5

245 573 339 628 Exem
361 572 401 627 la:

341 587 360 641 p
386 667 425 724 Hi
443 670 578 739 discunt,
598 672 719 726 nostrae
737 670 825 740 bene,
844 670 895 725 sed
915 670 993 726 male
1012 670 1091 726 Saxo
1110 671 1271 740 Prolepsin.

386 769 452 824 Toti
471 769 509 824 da
528 770 658 837 partem,
677 767 811 823 subiecto
831 767 1055 836 proprietatem.

384 864 428 920 Da
447 880 569 921 causam
589 864 698 935 officio,
716 864 818 919 divino
838 879 962 920 munere
980 865 1094 920 Caesar.

242 979 393 1035 Nonnulla
412 979 551 1048 exempla
569 979 606 1035 ab
625 977 795 1034 Alexandro
815 980 974 1034 mutuatus
992 981 1054 1049 est,
1073 982 1122 1035 ut:

474 1102 528 1157 Vir
546 1102 613 1157 duri
632 1102 741 1170 capitis
758 1103 790 1157 ot
810 1101 904 1156 forme
923 1101 1035 1158 femina
1054 1104 1160 1173 turpis.

473 1199 517 1254 Ut
535 1200 661 1266 cupidus
680 1198 742 1254 ludi
761 1213 834 1267 puer
853 1200 902 1254 est
920 1199 1104 1268 timidusque
1124 1200 1240 1268 flagelli.

241 1324 341 1378 llinus
360 1324 447 1379 hodie
467 1323 608 1392 probetur
627 1325 819 1393 praeceptum
838 1324 908 1378 hoc:

357 1447 486 1515 Quartus
505 1447 553 1502 vel
572 1449 680 1503 sextus
699 1462 859 1503 mensurae
879 1447 986 1502 mobile
1005 1449 1161 1516 stringunt
1180 1449 1302 1515 (nomen

796 1546 978 1600 adiectivum
999 1546 1224 1612 determinant).

240 1665 420 1737 Explicatio:
447 1669 564 1724 Nomen
589 1669 771 1724 adiectivum
797 1683 956 1724 mensurae
978 1669 1227 1725 indeterminatae
1245 1669 1323 1737 regit
1341 1671 1452 1724 certam

207 1765 410 1831 quantitatem
429 1766 494 1821 eius
513 1766 545 1820 in
564 1767 734 1821 accusativo
753 1765 800 1821 vel
819 1767 851 1821 in
870 1765 1014 1834 ablativo,
1035 1767 1083 1821 ut:

506 1890 641 1957 Longum
663 1890 751 1958 pedes
771 1891 833 1944 tres
852 1890 899 1944 vel
919 1889 1016 1944 tribus
1035 1889 1158 1958 podibus

506 1987 621 2042 Puteus
639 1987 720 2042 altus
740 1987 863 2042 centum
883 1986 999 2041 cubitos
1018 1986 1064 2042 vel
1083 1987 1202 2041 cubitis.

238 2109 382 2164 Miramur
401 2109 478 2165 banc
496 2110 793 2178 interpretationem:
812 2109 939 2165 consulo
959 2112 989 2165 to
1002 2109 1079 2165 hano
1091 2109 1218 2165 rem-ick
1234 2109 1361 2177 begheer
1373 2112 1452 2177 raot;

202 2207 253 2261 sed
272 2206 394 2261 consulo
415 2207 531 2262 tibi-iak
550 2208 619 2262 rada
639 2223 666 2262 u.

237 2301 332 2358 Sorior
361 2304 508 2359 Latinitas
535 2305 638 2359 eadem
667 2319 737 2360 cura
766 2305 913 2360 tractatur
937 2306 1028 2371 atque
1050 2319 1085 2359 ea
1104 2318 1179 2372 oriae
1198 2304 1320 2359 classica
1338 2304 1448 2359 dicitur

200 2402 236 2455 ut
255 2401 339 2467 patet
356 2415 395 2456 ex
415 2401 470 2457 hac
488 2402 603 2470 regula:

236 2498 364 2553 Nomina
389 2498 556 2554 officiorum
582 2500 691 2567 regunt
716 2500 784 2567 post
809 2512 841 2553 se
867 2498 922 2553 bos
946 2498 1108 2563 ablativos,
1129 2498 1241 2567 gratia,
1260 2497 1375 2567 favore,
1394 2498 1447 2553 cle·

200 2595 329 2664 mentia,
349 2596 550 2666 providentia,
571 2596 762 2652 unseratione
781 2598 813 2651 et
832 2596 946 2651 similes
964 2610 1070 2651 causae
1089 2595 1317 2663 significativos:

430 2718 566 2787 Carolus,
585 2718 637 2775 Dei
656 2720 753 2788 gratia
771 2720 975 2775 Romanorum
995 2721 1164 2788 imperator.

316 2814 488 2872 Hadrianus
506 2817 699 2871 miseratione
718 2817 819 2871 divina
838 2817 994 2886 spiscopus
1012 2817 1164 2872 Romanae
1182 2815 1329 2871 ecclesiae.

233 2942 280 2999 Sic
298 2943 401 2999 Graeci
423 2958 539 3012 quoque
552 2958 620 2999 cum
634 2945 736 3000 dativo
748 2946 803 2999 aut
815 2958 885 2999 cum
898 2945 1131 3013 praepositione,
1145 2945 1179 2999 ut
1192 2947 1290 3008 Παῦλος
1302 2945 1446 3008 ἀπόστολος

197 3048 243 3104 διὰ
264 3051 411 3124 θελήματος
432 3054 508 3106 3111).

232 3150 299 3206 Huc
318 3152 450 3218 pertinet
469 3153 525 3208 hoc
544 3166 660 3221 quoque
679 3153 884 3221 praeceptum:

410 3276 463 3331 Dic
481 3276 624 3331 miserere
644 3277 703 3331 mei
722 3275 769 3330 vel
788 3276 846 3345 mi,
864 3274 1008 3344 auxilior,
1026 3276 1229 3343 dominorque.

231 3397 352 3454 Sacram
371 3399 551 3468 scripturam
571 3400 736 3467 respiciunt
756 3400 841 3455 haec:
867 3400 957 3455 Secus
973 3413 1025 3468 pro
1038 3400 1141 3469 iuxta,
1154 3400 1190 3455 ut
1201 3399 1311 3454 Caecus
1323 3398 1442 3453 sedebat

193 3514 279 3557 secus
298 3501 380 3555 viam
399 3502 470 3574 παρὰ
490 3505 538 3560 τὴν
559 3501 631 3561 ὀδόν.
670 3502 817 3558 Dominus
836 3502 962 3557 tecum-t
986 3506 1077 3575 Κύριος
1096 3502 1161 3576 μετὰ
1182 3508 1241 3560 οοῡ.

231 3631 435 3686 Prosoedia
455 3630 607 3699 Georgii
626 3632 870 3702 Macropedii,
887 3646 981 3700 quae
996 3631 1230 3700 syllabarum
1247 3631 1441 3686 accentum
1502 3622 1512 3637 ”

194 3728 232 3781 et
260 3729 539 3798 quantitatem,
567 3729 698 3797 pedum
725 3729 970 3784 metricorum
997 3742 1174 3783 numeros
1199 3729 1236 3782 et
1261 3741 1441 3782 versuum

196 3824 481 3880 scribendorum
508 3826 715 3893 rationem,
739 3826 782 3880 ad
802 3840 1003 3894 puerorum
1027 3825 1269 3880 Traiectinae
1289 3824 1463 3879 scholae-

195 3921 413 3977 utilitatem
440 3922 597 3977 Tabulis
617 3921 842 3991 quibusdam
862 3921 973 3991 plane
993 3921 1274 3991 complectitur.
1310 3922 1440 3989 Recog-

194 4018 277 4073 nita
304 4019 425 4075 denno
453 4021 491 4075 et
516 4019 741 4088 quibusdam
767 4020 806 4075 in
831 4019 925 4075 locis
950 4019 1128 4074 correcta.
1145 4023 1167 4083 ¹)
1202 4019 1288 4074 Cum
1307 4019 1440 4075 Gratia

192 4115 1439 4186 etPrivilegio,Antverpia,exoiiicinaIoannisLoei‚AnnollDL.

228 4238 273 4293 Ex
293 4238 489 4307 praefatione:
510 4240 670 4310 ,Quicquid
689 4254 811 4308 possum
831 4241 862 4294 in
879 4254 910 4294 re
923 4239 1068 4309 literaria,
1081 4240 1208 4294 studiosi
1221 4239 1438 4307 adolescentes,

190 4335 223 4389 et
250 4336 333 4403 pium
362 4337 394 4390 et
421 4350 550 4405 aequum
578 4338 626 4391 est
654 4336 738 4391 vobis
765 4337 951 4407 impendere,
979 4350 1054 4404 quos
1078 4351 1138 4391 non
1163 4350 1249 4391 secus
1271 4351 1304 4390 aa
1330 4350 1437 4404 parens

191 4430 298 4487 liberos
321 4433 515 4489 enutriendos
539 4434 664 4502 srrscepi.
702 4433 770 4489 Vidi
790 4448 844 4488 vos
863 4448 924 4488 non
943 4433 1008 4489 sine
1026 4432 1142 4500 fructu,
1161 4447 1221 4487 non
1240 4434 1306 4487 sine
1324 4433 1437 4501 ingenii

190 4548 398 4558 —

229 4627 249 4692 ¹)
271 4626 325 4682 Ubi
345 4630 376 4682 et
395 4630 512 4697 otiando
532 4629 626 4696 prima
646 4629 736 4683 editio
756 4627 895 4695 prodierit
915 4640 974 4680 non
993 4627 1120 4681 constat.
