3270 5310
76 4776 226 5000 Ν

852 355 913 417 122

305 547 397 611 Bene
422 547 519 611 novit
541 563 600 611 444
625 546 857 627 Macropedius
880 547 967 627 ipse,
993 551 1032 612 ut
1055 547 1207 612 ostendit
1230 548 1328 612 Asot.
1356 548 1454 612 1418.

652 689 724 752 Ars,
743 702 828 751 cura,
847 703 927 751 mos,
947 663 1097 743 industria*

651 785 705 840 Est
723 785 863 840 omnibus
881 784 1064 840 meretriculis

653 882 809 950 Tantisper
827 881 1085 938 adrrlescentulum

652 980 773 1034 Laetare
791 980 863 1033 dum
883 978 1067 1046 pellexerint.

306 1104 372 1169 Sed
403 1106 524 1184 postea
555 1105 596 1168 ab
628 1103 745 1167 amicis
772 1104 932 1183 gravibus
956 1102 1151 1167 admonitus
1175 1119 1243 1167 non
1265 1103 1334 1166 iam
1357 1119 1395 1168 44
1421 1102 1511 1168 14144

261 1220 405 1284 feminas
436 1218 594 1299 quamvis
624 1217 752 1299 lepidas
783 1222 819 1283 et
850 1218 1012 1283 amabiles
1042 1219 1075 1282 in
1104 1234 1265 1284 scaenam
1287 1218 1509 1283 inducturum

261 1352 337 1400 4444
361 1335 536 1416 pollicetur
559 1333 624 1399 Ios.
650 1335 702 1399 40.

510 1475 614 1531 Valete
633 1476 780 1544 quotquot
797 1476 909 1530 adestis
929 1475 998 1531 huic
1016 1474 1183 1543 spectaculo
1201 1475 1232 1529 et

511 1575 566 1629 Pro
585 1575 705 1629 comicis
723 1573 965 1629 meretricularum
983 1572 1135 1628 amoribus

510 1671 658 1739 suscipite
677 1671 784 1739 Ioseph
802 1671 952 1725 castitatis
971 1670 1127 1725 vindicem.

306 1796 417 1860 Etiam
453 1795 661 1860 vestimenta
695 1798 732 1859 et
766 1798 969 1859 ornamenta
998 1795 1130 1860 illarum
1164 1793 1381 1880 „Venerum”
1406 1811 1511 1859 venu-

261 1915 394 1976 starum
429 1910 648 1975 deminutivis
683 1910 896 1992 appellantur
929 1908 1044 1998 (Asot.
1082 1912 1168 1975 1344
1199 1910 1387 1991 crepidatus
1422 1910 1511 1974 1345

261 2028 410 2108 «villulae,
457 2027 542 2090 1348
580 2026 753 2114 comariola)
791 2044 854 2091 nec
892 2044 961 2091 non
996 2026 1144 2108 corporis
1177 2026 1352 2091 illecebrae
1387 2026 1512 2105 quibus

261 2144 404 2208 iuvenes
427 2142 521 2207 loves
544 2145 581 2206 et
603 2143 731 2207 incauti
755 2143 944 2223 capiuntur.

453 2286 537 2339 Asot.
559 2285 634 2340 1426.
673 2284 751 2340 Hinc
769 2282 868 2339 oscula
887 2285 918 2338 41
932 2285 1095 2354 peclmcula

672 2382 710 2436 Et
728 2381 869 2436 delicatas
888 2381 1058 2436 montalulos

672 2479 734 2534 Tibi
755 2479 926 2542 venditant,
945 2479 1037 2534 donee
1055 2478 1109 2533 tibi

672 2576 756 2631 Iecur
774 2576 886 2644 sagitta
905 2576 1084 2644 transigant.

309 2701 329 2765 b
358 2700 575 2764 Molcrmlom
605 2699 777 2781 appellant
807 2702 953 2764 matrem
984 2700 1079 2780 pueri
1110 2699 1323 2765 blandientes
1346 2703 1383 2765 et
1406 2700 1428 2763 ii
1454 2701 1512 2780 qui

246 2825 341 2881 'oum
366 2816 478 2897 pueris
502 2815 696 2895 loquuntur.

405 2957 475 3013 Reb.
495 2957 556 3012 484.
593 2957 720 3011 Centum
740 2957 838 3011 aureis
857 2956 976 3011 refersit
995 2957 1072 3012 hane
1089 2957 1253 3013 matercula

360 3082 457 3136 Adam
478 3082 556 3137 1251.
736 3079 792 3134 Sed
811 3080 857 3134 dic
877 3094 963 3148 puer,
982 3094 1056 3135 uum
1076 3081 1130 3134 tua
1149 3079 1203 3135 tibi

592 3177 752 3232 Mctcreolo
770 3177 801 3232 et
820 3177 904 3232 fratri
924 3179 978 3232 tuo
998 3177 1067 3232 lunc
1085 3177 1143 3232 alia
1162 3177 1263 3246 coquit
1281 3177 1411 3232 cibaria?

300 3303 369 3357 1255
397 3302 556 3358 Revertere
583 3303 620 3357 ad
647 3301 839 3356 materculam.
865 3300 901 3357 cf.
926 3301 1003 3355 Patr.
1027 3301 1094 3369 489,
1113 3300 1181 3364 498,
1199 3300 1266 3365 563,
1285 3301 1353 3370 588,
1373 3300 1434 3356 743.
1454 3303 1511 3358 144.

263 3397 357 3456 Schol.
379 3399 499 3467 passim.
1087 3397 1089 3400 ’

268 3587 269 3592 ,
308 3522 496 3588 64414414
520 3539 587 3586 non
611 3523 684 3587 sine
707 3522 860 3587 irrisione
884 3522 1006 3587 dicitur
1029 3522 1126 3588 Bass.
1156 3522 1228 3587 183.

613 3664 657 3719 Ut
675 3664 790 3718 ocriculo
809 3664 880 3719 baec
899 3663 1090 3720 suffarcinato
1108 3666 1164 3721 est.

309 3787 347 3851 ln
376 3787 455 3852 Iesu
485 3787 687 3852 scholastico
719 3806 797 3852 oum
820 3788 988 3853 modestia
1011 3791 1047 3852 41
1069 3788 1211 3853 tristitia
1234 3788 1381 3869 quadam
1405 3805 1509 3870 saepe

263 3919 301 3968 44
324 3904 373 3967 114
396 3903 551 3967 nominat
574 3903 758 3969 Elisabeth.

310 4021 327 4084 7
364 4019 579 4083 Iovemillum
614 4037 651 4085 se
686 4020 796 4101 ipsam
827 4023 929 4085 vocat
960 4021 1068 4101 Aegia
1100 4021 1165 4087 Ios.
1196 4020 1271 4086 471.
1321 4018 1426 4085 Maria
1448 4021 1514 4086 hoc

264 4136 399 4200 nomine
424 4135 612 4216 appellatur
635 4135 660 4201 1.
687 4134 719 4200 8.
749 4136 843 4201 1045.

309 4252 529 4316 84441111ιί4.
565 4251 631 4319 104.
656 4253 732 4318 240.

709 4392 826 4446 inertes
844 4394 876 4447 et
894 4393 983 4447 rudes
1003 4392 1163 4449 ancillulae.

335 4512 413 4583 Hyp.
434 4514 494 4571 733.
531 4515 646 4578 sarmul
666 4518 720 4572 aut
739 4516 904 4582 circillatus,
925 4517 1059 4572 Pendeat
1079 4517 1218 4573 herorum
1237 4530 1276 4572 ex
1295 4516 1428 4572 nutibus.
