3270 5310
864 404 907 466 44

257 609 347 676 rem,
371 594 406 657 in
430 610 503 658 rem
522 594 707 674 pessimam
724 593 766 680 ¹),
783 595 870 660 vaeh
888 596 989 677 capiti
1005 598 1084 678 tuo,
1102 599 1140 660 at
1156 599 1191 661 11
1208 596 1337 678 Iupiter
1352 597 1509 677 perduat.

258 707 298 772 Di
322 713 356 773 te
381 710 552 791 perduant
574 708 727 797 (eontraz
752 710 785 774 di
809 713 845 776 te
870 712 1011 799 ament).

302 827 332 891 6.
389 824 501 892 Vario.
551 825 796 907 compendium
819 826 911 908 face,
937 828 1174 909 compendium
1194 827 1271 893 volo
1288 828 1406 910 dictis,
1423 846 1510 893 com·

257 940 379 1023 pendio
411 941 510 1006 dictis
543 958 645 1023 opus,
670 943 868 1023 compendio
894 943 1022 1025 dicam,
1046 961 1157 1024 nugas
1180 943 1270 1024 agis,
1295 960 1333 1009 os
1360 944 1510 1009 oblinere

256 1057 372 1139 alicui,
405 1060 460 1123 est
491 1057 580 1137 quod
612 1060 647 1122 te
679 1058 774 1140 volo,
807 1058 1011 1124 curriculum
1038 1058 1109 1141 fac,
1134 1059 1239 1125 habet
1263 1077 1317 1124 me
1341 1061 1509 1152 pessime,

257 1176 363 1239 verba
398 1173 479 1239 dare
510 1174 626 1256 alicui,
658 1177 741 1238 sunt
770 1174 805 1238 in
838 1174 926 1239 vado
951 1192 1031 1256 spes
1055 1192 1171 1257 meae,
1194 1176 1293 1256 genio
1315 1176 1508 1257 indulgere,

255 1307 293 1356 se
317 1290 352 1354 in
377 1290 482 1372 pedes
505 1289 604 1370 dare,
629 1289 780 1371 deperire
804 1290 965 1374 aliquam,
990 1291 1069 1370 quid
1094 1291 1154 1356 tibi
1172 1291 1304 1356 curatio
1320 1294 1374 1356 est
1391 1309 1508 1356 rerum

157 1487 159 1491 ἢ
256 1406 438 1471 mearum?
462 1405 553 1470 fores
577 1409 722 1486 crepunt
741 1404 787 1490 ²),
812 1407 939 1471 ostium
963 1407 1095 1488 crepuit
1119 1408 1161 1472 ab
1187 1407 1316 1491 aliquo,
1335 1408 1377 1473 ad
1395 1425 1508 1473 saccu-

255 1522 327 1587 lum
350 1522 485 1602 adigere
508 1521 609 1600 alqm.

301 1637 354 1701 Ex
377 1637 430 1702 his
454 1636 679 1702 locutionibus
699 1638 880 1703 nonnullae
897 1639 1022 1718 semel,
1039 1639 1219 1720 pleraeque
1235 1642 1353 1704 tamen
1370 1641 1507 1721 saepius

256 1770 277 1817 a
300 1752 402 1818 Macr.
427 1752 648 1833 adhibentur3
673 1753 764 1818 locos
788 1753 909 1818 afferre
933 1755 1091 1835 putidum
1115 1755 1324 1836 putavimus.
1351 1755 1507 1837 Exempli

257 1885 361 1933 cauea
384 1885 511 1950 paucos
535 1871 652 1932 tamen
676 1869 899 1934 adscribimus
916 1887 1057 1952 versus,
1073 1871 1129 1950 qui
1147 1873 1209 1935 aut
1225 1871 1289 1935 toti
1305 1873 1366 1935 aut
1383 1887 1507 1952 magna

258 2001 302 2050 ex
326 1986 424 2066 parte
448 2001 493 2048 ex
516 1983 683 2050 Plautinis
707 1985 932 2050 locutionibus
955 1988 1133 2051 constant:

291 2128 344 2182 As.
372 2127 433 2182 205.
470 2126 623 2190 comesta,
642 2142 721 2183 nunc
741 2128 771 2182 te
791 2128 906 2196 proripe
925 2130 1064 2184 actutum
1082 2129 1214 2183 domum.

310 2267 322 2294 ,,
371 2224 432 2278 254.
470 2223 572 2291 Nugas
590 2225 669 2292 agie,
688 2224 862 2289 trifurcifer,
880 2225 1001 2280 dimitte
1020 2240 1076 2281 me.

310 2363 322 2391 „
370 2320 432 2376 309.
470 2320 552 2376 'lune
572 2321 619 2376 hio
639 2335 718 2386 eras,
738 2321 900 2377 Comasta?
938 2321 1012 2388 Quid
1032 2336 1080 2376 me
1100 2322 1169 2376 vis?

310 2461 322 2486 „
370 2419 432 2474 322.
470 2418 548 2485 Quae
567 2418 661 2486 igitur
679 2418 751 2473 foris
769 2433 870 2473 rerum
888 2418 944 2473 tibi
963 2419 1076 2474 curatio
1095 2419 1163 2474 est?

310 2559 322 2583 ,
355 2515 432 2570 1316.
826 2516 870 2571 111
889 2516 1042 2584 conspicor

468 2613 541 2666 Mihi
559 2613 630 2667 data
649 2613 738 2668 verba
759 2613 886 2680 proripio
906 2627 954 2667 me
972 2613 1005 2667 in
1023 2626 1163 2681 ganeum.

294 2708 342 2764 Al.
372 2709 431 2764 126.
468 2709 524 2765 Sed
548 2710 672 2765 Audin?
695 2741 731 2749 -
749 2710 828 2765 Hem
846 2741 882 2749 —
902 2710 992 2765 Adsis
1011 2710 1138 2778 tempori
1158 2740 1194 2748 —
1212 2710 1371 2764 Memorem
1391 2724 1504 2765 mones.

309 2849 322 2876 ,‚
373 2807 432 2861 136.
470 2805 544 2874 Quid
563 2819 645 2861 cesso
664 2806 862 2874 compellare?
900 2807 1068 2871 adesdum,
1087 2807 1245 2876 adesdum,
1264 2807 1334 2861 ohel

300 2929 378 2995 Huc
401 2929 479 2994 addi
502 2934 648 3012 possunt
670 2931 732 2996 loci
756 2931 864 3011 qualis
888 2934 943 2996 est
966 2931 1019 2998 Al.
1045 2932 1121 2996 390.

469 3070 523 3125 Per
543 3071 701 3126 Herculem
721 3072 920 3126 scelestiorem
940 3072 1092 3126 neminem

471 3165 535 3222 Vidi
555 3169 610 3224 hoc
629 3169 758 3223 homine.

299 3263 350 3319 As.
370 3265 430 3322 703.
468 3266 531 3321 Hoc
551 3267 671 3321 homine
692 3267 936 3322 confidentiorem
956 3267 1108 3321 neminem

467 3366 544 3420 Puto
563 3379 627 3420 esse
646 3366 679 3420 in
700 3366 755 3421 hoc
774 3366 835 3421 loco
855 3378 908 3420 nec
927 3379 1061 3432 unquam
1078 3364 1225 3433 gentium.

300 3488 365 3554 Ubi
390 3489 442 3554 oui
466 3506 535 3554 non
559 3489 678 3553 statim
703 3488 815 3553 Plauti
837 3488 872 3552 in
897 3492 1049 3553 mentem
1075 3488 1195 3553 venit?

779 3700 981 3707 ...-———-.

538 3872 571 3942 5.
621 3869 747 3941 Verba
770 3873 808 3940 et
831 3871 1034 3941 verborum
1058 3871 1215 3940 formae.

300 4065 542 4131 locutionibus
573 4064 782 4129 enumeratis
809 4064 980 4145 pergimus
1004 4064 1045 4128 ad
1070 4064 1203 4145 singula
1226 4063 1400 4129 vocabula.
1449 4065 1500 4127 Ac

252 4183 400 4264 primurn
428 4181 564 4260 quidem
588 4181 686 4244 verba
709 4196 796 4259 quae
821 4182 882 4244 aut
904 4181 1015 4244 solum
1038 4183 1099 4244 aut
1122 4195 1225 4260 saepe
1249 4178 1338 4260 apud
1362 4181 1500 4243 veteres
1520 4223 1524 4229 -

292 4460 312 4527 ¹)
332 4458 417 4526 Apud
447 4458 532 4514 Macr.
557 4458 649 4513 etiam
670 4457 889 4529 adcoroos(1l;
910 4456 1032 4532 κόρκκας)
1051 4457 1128 4524 quod
1146 4456 1225 4524 apud
1244 4455 1285 4510 Pl.
1305 4456 1336 4510 et
1356 4454 1500 4509 11111011

251 4556 416 4711 lssfflffi
436 4643 473 4698 M.
493 4643 585 4698 etiam
604 4642 681 4697 fores
699 4641 830 4705 strident,
850 4641 926 4710 quod
947 4655 1007 4695 non
1025 4640 1139 4696 faciunt
1158 4639 1236 4708 apud
1255 4637 1406 4693 Plautum.
