3270 5310
764 400 806 463 51

206 596 236 658 2.
287 592 498 678 „celeritatis
523 591 697 656 notionem
721 591 856 658 habet’'.

386 733 456 789 Heo.
475 733 536 788 373.
575 733 725 797 Panocno,
746 733 848 788 horam
868 734 970 787 evoca!
990 763 1025 771 -
1049 733 1196 788 Vocatcro.

207 859 237 925 3.
285 857 537 936 Nonnunquam
570 855 636 923 iub.
660 859 771 922 exact.
799 856 979 921 adhibetur
1003 860 1042 921 ut
1064 857 1190 922 indicet
1219 859 1411 941 „notionem

161 973 304 1039 actionis
340 972 477 1038 futurae
512 989 590 1036 cum
626 971 736 1036 altera
774 972 1022 1051 quodammodo
1054 973 1269 1050 connexae'’,
1301 972 1350 1036 ita
1373 974 1413 1036 ut

161 1105 407 1168 nonnunquam
439 1088 548 1152 altera
579 1086 720 1152 alterius
754 1103 859 1152 causa
885 1087 1002 1152 haberi
1024 1088 1142 1168 possit.
1189 1089 1287 1154 Asot.
1316 1088 1410 1151 1342.

428 1228 518 1298 Epero
537 1228 704 1284 consultius
723 1229 748 1282 si
768 1229 873 1284 sol-voro
893 1230 936 1283 sio
954 1228 1130 1284 clanculum.

285 1326 355 1382 Reb.
375 1326 410 1381 33
731 1341 749 1381 a
768 1341 855 1395 scopo
875 1327 961 1394 paulo
982 1328 1083 1381 minus
1103 1327 1284 1390 aberravero,

474 1424 639 1491 impendiis
658 1425 684 1477 si
705 1423 871 1493 deroqaoero
891 1437 1063 1491 pauperum.
1079 1426 1100 1488 ¹)

208 1548 240 1612 4.
287 1545 364 1613 Fut.
394 1549 506 1612 exact.
532 1547 669 1627 ponitur
693 1546 734 1610 de
761 1563 802 1611 eo
829 1547 937 1631 „quod
962 1547 1037 1626 quis
1059 1546 1196 1611 interim
1219 1547 1300 1611 dum
1325 1546 1413 1611 aliud

161 1662 241 1742 quid
266 1661 323 1743 fit,
349 1663 594 1743 aliquantisper
617 1662 731 1728 facit'’.

445 1804 501 1857 Laz
531 1803 609 1858 last.
648 1802 814 1858 Subduccro
834 1818 883 1859 mo
901 1802 1132 1871 aliquantulum.

208 1929 239 1994 5.
290 1927 370 2010 „Rei
395 1927 590 1993 dilationem
616 1927 807 2007 significar'
832 1928 948 2008 (saepe
972 1927 1104 1992 adiecto
1128 1927 1205 1992 adv.
1230 1928 1331 2013 moro).

430 2068 486 2123 les
505 2068 601 2123 Schol.
621 2068 698 2123 1006.
737 2067 880 2137 Tempora
899 2083 952 2123 suo
967 2068 1131 2139 probavero.

430 2165 511 2220 Bass.
531 2166 591 2223 449.
630 2167 704 2221 Rem
724 2181 845 2221 omnam
865 2166 917 2221 tibi
938 2167 1022 2221 intus
1040 2166 1144 2220 dixero.
1159 2170 1181 2230 ²)

429 2263 490 2319 Jos.
509 2264 570 2318 957.
609 2263 648 2319 Te
668 2279 739 2318 mox
759 2264 899 2318 omnibus
915 2263 1084 2334 proesecrro.

211 2385 355 2450 Omnino
390 2387 452 2452 fut.
490 2389 602 2453 exact.
639 2389 767 2452 maiore
803 2405 880 2452 cum
912 2389 946 2451 vi
977 2387 1144 2452 affirmare
1175 2404 1248 2451 rem
1277 2386 1413 2450 videtur

164 2518 270 2581 quam
307 2503 461 2567 futurum
501 2502 646 2584 simplex
667 2500 704 2587 3).
765 2503 892 2567 ideirco
931 2520 1034 2585 saepe
1072 2503 1261 2566 invenitur:
1301 2519 1339 2582 a,
1378 2503 1412 2565 in

157 2617 466 2701 pollicitationibo83
496 2618 534 2698 b,
568 2619 602 2682 in
635 2619 893 2696 minationibu33
925 2636 960 2699 c,
991 2619 1025 2682 in
1048 2619 1292 2698 proeliantium
1317 2618 1356 2698 d,
1381 2618 1413 2681 in

166 2733 350 2798 acrioribus
373 2735 697 2815 interropotiorriboa

210 2867 241 2914 α.
288 2847 345 2913 Ita
368 2848 491 2930 Ioseph
516 2849 644 2930 Aeglae
670 2849 826 2914 dominae
850 2866 933 2914 suae
957 2850 1171 2914 suavissimis
1188 2849 1358 2914 blanditiis
1376 2849 1417 2913 ad

167 2964 373 3029 adulterium
397 2965 516 3029 eiicere
541 2982 579 3029 se
605 2966 742 3029 conanti
766 2965 814 3029 sio
838 2965 1038 3046 respondet:
1065 2966 1130 3031 530
1153 2983 1224 3045 sqq.

790 3106 835 3161 'Si
856 3120 960 3160 canoro
979 3107 1025 3160 ris

432 3204 493 3273 Me,
513 3202 647 3267 oednero,
667 3203 777 3258 saltare
796 3204 857 3272 rie,
876 3203 1029 3270 saltavero,

433 3299 544 3355 Verum
563 3301 601 3354 ad
620 3299 714 3355 cubile
733 3300 910 3367 neutiquam
931 3314 979 3354 mo
998 3299 1128 3354 illatoris.

212 3423 320 3503 Aegia
343 3426 460 3488 autem
484 3423 568 3487 haec
592 3425 622 3488 ei
647 3424 834 3504 promittit:
862 3424 927 3487 339
951 3441 1023 3503 sqq.

451 3565 512 3633 Ego
531 3567 562 3619 te
582 3566 644 3619 viro
664 3579 730 3620 meo
750 3580 844 3633 usquo
863 3565 1099 3633 commendavero,

452 3662 512 3730 rgo
532 3664 562 3717 te
581 3662 758 3717 familiarem
778 3663 906 3717 Parhoni
925 3662 1051 3729 effecero,

451 3759 512 3827 Ego
531 3761 669 3814 seriituti
691 3774 748 3827 qua
770 3761 912 3828 premeris
931 3775 1059 3813 oteramo.

214 3883 341 3947 Deinde
367 3900 449 3948 vero
473 3883 520 3948 sio
544 3883 670 3964 pergit:

453 4024 508 4079 Per
528 4039 575 4079 mo
596 4024 681 4079 bonis
700 4039 789 4093 quam
812 4025 949 4091 plurimis
968 4025 1123 4090 ditaberis,

453 4121 508 4176 Per
527 4135 575 4175 mo
594 4120 742 4176 laboribus
762 4123 902 4176 omnibus
921 4121 1078 4177 levabaris.

453 4218 507 4272 Par
527 4231 633 4285 meque
650 4219 688 4272 ad
706 4218 812 4273 altiora
832 4219 1058 4286 promor-eberis.

173 4344 246 4351 -.---
257 4345 380 4351 .---—--

206 4440 227 4501 ¹)
245 4436 285 4494 cf.
305 4438 383 4494 Patr.
402 4436 463 4493 150.

195 4535 228 4600 ‘²)
246 4533 287 4589 Of.
306 4534 389 4590 Base.
407 4534 475 4604 754,
494 4535 560 4603 759,
581 4534 657 4589 1014.
696 4535 790 4589 Adam
812 4535 887 4589 1333.

205 4635 228 4697 θ)
246 4630 288 4687 Cf.
308 4632 419 4687 Iorenz
436 4633 473 4687 ad
493 4633 579 4689 Most.
599 4633 660 4687 373.
