3270 5310
783 431 848 494 213

191 628 252 683 394.
289 624 613 693 00.-01.1101).437.
651 624 711 692 Ego
730 624 936 691 corrigendum
956 637 1140 692 acceperam,

457 722 524 777 Non
542 721 741 785 enecandum,
760 722 792 775 at
812 720 944 787 patibulo
962 720 1206 776 abstrahendum.

457 820 502 875 Ut
521 819 568 874 bic
588 819 732 874 scelestus
750 833 845 887 usque
864 817 1045 886 patibulum!

191 998 252 1052 396.
290 995 453 1059 caedamus,
478 994 531 1076 399
553 994 689 1048 mamae.
728 994 765 1049 ln
784 995 880 1061 prima
898 993 1029 1048 editione
1049 993 1205 1060 utrobique
1224 993 1362 1047 scribitur
1382 1008 1437 1047 cae·

350 1093 472 1156 damno,
498 1093 529 1146 in
554 1105 589 1146 ea
614 1106 689 1159 quae
712 1090 848 1146 Coloniae
866 1091 944 1159 apud
964 1090 1108 1145 loannem
1128 1090 1308 1157 Gymnicum
1328 1091 1437 1158 prodiit

351 1190 499 1259 eudemum
518 1188 653 1256 Utroque
672 1189 759 1243 modo
779 1188 936 1244 verborum
955 1187 1040 1243 lusus
1058 1187 1242 1243 obscuratur.

191 1368 252 1423 404.
290 1366 353 1422 Ηο0
371 1365 433 1421 1000
452 1366 548 1432 recepi
567 1367 780 1421 correctionem
800 1366 941 1420 editionis
960 1327 1146 1432 posterioria
1161 1366 1191 1419 in
1206 1365 1301 1433 priore
1314 1363 1437 1432 legitur:

290 1464 454 1535 „hactenus
473 1463 594 1532 quidem
614 1463 732 1532 utrique
752 1462 853 1517 nullus
871 1463 1020 1518 credidit”.

190 1639 252 1695 407.
287 1638 328 1694 cf.
346 1639 407 1694 360.

193 1807 253 1862 418.
294 1805 473 1863 Concedimue
491 1837 525 1845 -
545 1807 580 1861 ci.
600 1806 652 1860 227
672 1807 729 1860 vid.
749 1821 795 1874 pg.
814 1807 858 1860 86.

191 1974 252 2029 419.
288 1973 354 2028 vide
373 1989 419 2042 pg.
439 1974 482 2029 31.

192 2123 252 2177 424.
295 2123 360 2178 Vicc
380 2123 452 2178 aecii
470 2153 506 2161 -
524 2123 560 2178 cf.
585 2123 678 2178 Andr.
705 2122 789 2186 1108,
815 2122 863 2177 ubi
891 2123 1037 2177 Andrisca
1063 2123 1171 2176 marito
1191 2123 1321 2189 primum
1341 2124 1434 2178 ictum

351 2221 462 2288 infligit
487 2234 555 2275 cum
582 2220 630 2274 his
655 2220 766 2274 verbis:
794 2219 929 2298 „Salutat
955 2219 1054 2274 osculo
1080 2220 1134 2274 hoe
1157 2219 1196 2274 Te
1216 2221 1361 2276 Andriaca
1380 2222 1435 2289 pri·

353 2316 503 2372 muluml”

191 2468 252 2523 426.
286 2469 413 2536 00001090
431 2497 467 2505 -
485 2467 543 2521 vid.
563 2481 609 2535 pg.
628 2468 671 2521 96.

191 2616 252 2672 427.
285 2616 427 2688 papiam
446 2615 579 2671 additum
598 2646 633 2654 —
651 2617 709 2671 vid.
729 2631 775 2684 pg.
795 2616 837 2670 76.

192 2767 254 2824 428
290 2765 478 2834 irrepovcrint
499 2795 535 2803 -
559 2766 678 2819 videtur
704 2766 758 2820 boc
784 2765 845 2820 loco
865 2766 1033 2832 significare
1053 2766 1252 2831 cornmlaerint,
1272 2781 1329 2835 quo
1348 2782 1438 2823 sensu

351 2862 407 2917 hoc
430 2862 553 2916 verbum
573 2862 643 2916 alibi
662 2876 722 2917 non
741 2863 851 2917 inveni.
890 2864 946 2918 Pro
967 2864 1137 2934 obprobrare
1156 2864 1265 2932 legitur
1284 2867 1370 2920 Asot.
1390 2867 1442 2920 140

351 2959 429 3013 Nam
449 2960 526 3026 quod
545 2958 675 3013 familiae
694 2961 741 3014 est
760 2960 909 3027 irrogatur
928 2960 1070 3027 patribus.

190 3111 253 3166 436.
289 3109 480 3164 modo-amodo
499 3138 533 3147 -
553 3110 611 3165 rid.
631 3123 677 3178 pg.
697 3109 739 3166 73.

191 3259 253 3313 441.
293 3257 406 3316 0000000
430 3259 508 3327 apud
534 3259 570 3312 11.
598 3259 717 3325 saepius
738 3259 830 3313 etiam
850 3258 915 3312 aine
938 3259 1096 3326 negatione
1117 3278 1148 3307 =
1167 3259 1315 3328 desinere;
1335 3259 1367 3314 in
1387 3260 1442 3315 hcc

352 3370 468 3424 quoque
487 3370 555 3411 cum
575 3355 721 3423 vulgatae
741 3370 797 3411 usu
816 3356 953 3422 congruit
972 3355 1053 3423 (Luc.
1071 3357 1103 3425 6,
1122 3357 1186 3410 lut
1198 3357 1328 3411 cessavit
1341 3356 1441 3424 loqui).

352 3453 445 3508 Andr.
463 3454 517 3508 469
536 3467 573 3506 110
596 3453 645 3520 qui
664 3453 751 3507 tener
770 3453 973 3520 corrumpitur
991 3453 1111 3507 Cessare
1129 3451 1251 3508 adultus
1269 3467 1330 3507 non
1344 3455 1441 3521 queat.

351 3550 409 3606 100.
428 3549 507 3606 1229.
632 3607 636 3611 ,

389 3648 464 3701 Aur.
483 3646 506 3702 Ο
525 3661 577 3701 rex
598 3647 767 3709 tremende,
788 3660 886 3700 meam
906 3646 981 3700 mihi
1002 3647 1097 3700 rutam
1116 3645 1235 3701 obsecro
1247 3685 1410 3702 .......
1435 3687 1441 3699 .

387 3743 486 3798 Parra.
511 3744 612 3798 Oeeaal

407 3892 461 3947 Ad.
483 3890 535 3946 178
553 3893 700 3947 Mactetur
718 3893 852 3948 invisum
872 3893 976 3960 caput,
994 3892 1148 3960 cessetque
1168 3906 1215 3946 me

406 3988 552 4043 Sacrificio
572 4003 710 4056 superare
730 3990 776 4045 rel
796 3990 994 4044 contemnere.

192 4141 252 4195 460.
291 4141 349 4195 vid.
369 4154 415 4208 pg.
435 4140 478 4195 33.

193 4289 254 4343 463.
287 4288 411 4359 pedani
425 4319 461 4326 —
480 4289 538 4343 vid.
558 4303 604 4357 pg.
624 4289 659 4343 46

191 4438 252 4491 466.
290 4436 413 4491 ulmeam
431 4436 571 4504 [0001110111
589 4467 625 4475 -
644 4437 702 4492 vid.
722 4451 768 4504 pg.
790 4436 832 4490 41.

192 4585 253 4641 460.
291 4586 426 4641 inunxere
454 4615 490 4624 —
518 4586 553 4640 ci.
578 4586 639 4640 468.
665 4585 733 4641 Alia
760 4587 934 4654 metaphora
964 4586 1017 4641 hoc
1046 4586 1170 4640 verbum
1195 4599 1290 4641 100000
1317 4589 1443 4655 usurpat

353 4684 447 4740 Andr.
464 4683 518 4738 868
538 4683 650 4739 Eamus
669 4684 749 4738 intro
769 4684 845 4739 hanc
866 4683 1045 4752 perduellem
1065 4696 1209 4750 inungere
1229 4680 1305 4738 Vino
1318 4684 1444 4751 optimc.
