3270 5310
797 398 860 461 190

206 591 301 656 1125.
350 592 474 657 Eccum
498 589 586 655 redit
609 590 786 670 Limrgus,
811 591 849 653 at
872 590 945 653 sine
969 588 1045 654 filio.

348 706 384 771 id
410 706 497 785 quod
522 705 604 769 facit
627 705 735 769 multo
759 704 867 785 magis
890 705 957 768 iam
983 721 1036 769 me
1061 706 1208 772 anxiam.

350 822 433 887 Gau.
460 821 572 885 Uxori
620 821 702 885 Mrs.
728 820 813 901 Quid
838 820 986 901 occipit?
1034 820 1117 887 Gan.
1143 821 1255 887 Uxor!
1304 823 1389 890 Mrs

927 935 1035 1017 Hem,
1059 937 1139 1016 quid
1162 938 1348 1004 clamitas?

671 1162 979 1178 ——-——

433 1376 568 1454 Actus
607 1377 794 1474 quintus.
869 1374 1037 1455 Scaena
1074 1377 1214 1457 tertia.

398 1785 579 1849 eruneus
628 1784 825 1849 Mrsunnas
875 1783 1045 1850 Genusus.
1093 1785 1244 1850 Lonnsrr.

344 1979 409 2043 Per
433 1981 558 2043 cuncta
581 1978 746 2058 compita,
771 1977 861 2058 sora,
886 1977 1143 2058 sphaeristeria,

345 2094 496 2159 Tandem
520 2095 554 2157 in
577 2094 727 2159 scholam
751 2110 927 2173 regressus
951 2093 1043 2158 illum
1068 2095 1221 2173 quaerito

201 2211 295 2276 1130.
344 2211 537 2286 Petriscon,
563 2212 599 2273 et
622 2209 751 2273 frustra
774 2209 956 2288 fatigatum
979 2213 1122 2274 manent

342 2326 394 2390 Me
419 2326 507 2390 forte
531 2326 692 2406 verbera,
716 2324 804 2406 quod
830 2325 968 2390 domum
992 2343 1061 2391 non
1084 2326 1249 2390 duxerim.

342 2442 450 2506 Aiunt
474 2442 607 2506 sodales
631 2441 757 2505 accitos
780 2440 848 2504 iam
872 2440 1032 2506 Praesidi.
1057 2440 1143 2522 Hui,

343 2557 427 2636 Quid
452 2558 572 2622 turbae
596 2557 630 2620 in
654 2556 818 2621 aedibus?
843 2555 927 2635 Quid
952 2556 1052 2621 audio
1076 2557 1204 2622 miser?

341 2671 433 2750 Quae
457 2672 550 2736 furta
574 2672 654 2736 mihi
678 2672 818 2737 tandem
841 2673 1013 2752 imputant
1035 2672 1202 2737 innoxio?

198 2788 291 2852 1135.
340 2788 423 2854 Mrs.
451 2788 562 2852 Adest
585 2788 638 2852 cui
661 2790 723 2852 tua
746 2788 917 2852 credidisti
941 2788 1073 2868 emnia,
1098 2789 1182 2853 adeo

340 2903 389 2967 Ut
412 2907 552 2983 propter
575 2903 664 2967 hunc
689 2920 798 2982 neque
822 2920 978 2983 parceres
1002 2910 1106 2983 gnato
1130 2908 1198 2969 tue.

339 3019 426 3084 Huic
451 3019 556 3104 (freta
579 3035 701 3100 nempe
725 3022 786 3083 tua
810 3017 892 3105 fide)
915 3019 1029 3084 claves
1053 3036 1149 3084 meas

336 3135 409 3200 Iam
435 3135 568 3200 credidi.
616 3134 680 3199 Hic
703 3135 785 3200 furti
810 3138 923 3215 reust,
948 3135 1001 3199 hic
1024 3136 1058 3200 in
1081 3135 1222 3200 aedibus

338 3251 437 3316 Solus
461 3254 616 3315 meratus
640 3254 703 3314 est.
729 3250 812 3315 Gru.
837 3250 950 3331 Ades,
974 3251 1171 3332 trifurcifer,

197 3368 290 3430 1140.
338 3366 399 3430 Oui
424 3369 523 3430 tanta
546 3367 689 3430 credidi!
716 3367 780 3431 Tot
804 3382 926 3431 aureos
950 3367 1030 3431 mihi

337 3480 449 3546 Semel
466 3481 626 3547 auferas?
649 3482 717 3548 er.
736 3481 825 3561 Quot
842 3482 990 3546 aureos?
1014 3481 1096 3547 Mrs.
1114 3481 1304 3546 Numerum
1322 3500 1444 3565 rogas,

338 3597 579 3676 Nequissime?
602 3599 671 3663 er.
697 3598 828 3678 Ecquos
851 3598 1000 3662 aureos?
1023 3598 1092 3678 Ego
1115 3597 1289 3662 innocens

336 3711 420 3778 Gru.
448 3714 497 3777 Tu
521 3714 597 3794 plus
620 3714 733 3779 minus
757 3713 837 3777 mihi
861 3713 981 3794 viginti
1005 3729 1043 3777 es
1067 3728 1189 3777 aureos

335 3828 493 3894 Furatus
541 3830 610 3894 er.
636 3829 691 3910 id,
716 3830 815 3909 here,
840 3829 972 3893 sobrius
996 3845 1063 3893 non
1088 3828 1223 3892 dixeris.

193 3946 287 4009 1145.
335 3944 418 4011 Gna.
446 3946 516 4009 Tibi
541 3946 671 4026 ebrius,
696 3945 859 4021 nefande,
885 3945 1029 4010 videor?
1053 3943 1200 4009 Reddite

334 4060 498 4125 Celeriter
520 4061 553 4124 id
579 4061 667 4140 quod
692 4061 811 4125 eruisti
834 4061 966 4125 scrinis.
1234 4143 1236 4147 Ι

332 4177 402 4240 er.
427 4175 505 4240 Iure
529 4176 646 4241 iovem
670 4177 853 4257 optimum,
877 4192 1091 4256 supremum.
1116 4174 1323 4256 maximum,

332 4291 387 4355 Nil
411 4309 465 4356 me
489 4293 540 4356 tui
564 4293 720 4373 attigisse
744 4292 825 4357 furti
849 4293 960 4373 gratia

335 4407 416 4471 Mrs.
443 4406 601 4488 Respice,
625 4408 765 4487 marite;
790 4408 1022 4481 commodum,
1049 4423 1092 4471 en
1114 4405 1272 4483 loran'os;

190 4523 283 4587 1150.
333 4523 507 4588 Adducier
529 4524 643 4587 iubeto
667 4525 820 4589 vinctum
845 4523 1005 4604 praesidi,
1030 4526 1071 4587 ut

330 4638 574 4703 Examinatum
598 4641 735 4720 prester
758 4640 792 4703 in
816 4656 915 4704 cruce
939 4639 1066 4704 nuniat.
