3270 5310
869 365 933 429 202

279 561 335 615 uss.
368 559 509 627 Aliosque
528 559 645 614 fructus
664 559 794 627 optimos
814 560 946 626 pecunia.

368 659 446 712 Ano.
465 657 541 724 Quin
560 658 767 724 exequamur?
804 656 937 724 Insignis
956 670 993 710 en
1013 655 1184 710 Ioachimus
1205 655 1266 722 hic;

367 755 463 810 Fallet
483 769 618 823 megerae
638 755 753 810 lumina
771 754 974 823 cupidissima.

368 853 443 906 ideo.
463 853 589 907 Adestel
627 852 700 918 Quid
721 852 895 921 moramini,
914 853 968 906 aut
988 850 1156 906 veremini?

367 950 442 1004 Mun.
462 950 551 1004 Videt
570 950 741 1017 pecunicm;
760 949 841 1004 ilicet
848 965 855 1016 ;
875 948 962 1002 modo
981 948 1187 1003 commoduml

279 1045 334 1101 30⁷2
366 1048 443 1102 Ano.
464 1048 528 1101 Ave
546 1047 676 1115 Megeral
714 1046 791 1102 Meo.
811 1047 907 1100 Arete
926 1059 980 1099 ros
1000 1045 1129 1112 quoquel
1167 1044 1255 1099 Unde
1274 1046 1309 1099 tu

368 1144 412 1198 lde
431 1144 534 1199 nosti?
572 1145 649 1199 Asc.
669 1144 757 1211 Apud
777 1143 984 1210 Proserpinam
1004 1143 1036 1196 te
1054 1141 1200 1210 vidimus,

367 1241 457 1296 Cuius
476 1241 585 1296 viderie
604 1240 724 1308 utrique
743 1241 882 1295 nostrum
904 1239 972 1294 iilia.

369 1338 444 1392 liro.
464 1337 621 1392 Hehehael
659 1337 767 1392 Videre
785 1339 820 1392 tu
840 1336 915 1391 mihi
935 1337 1147 1404 nequissimus.

368 1436 429 1501 Quo
448 1435 570 1489 nomine
589 1434 739 1502 appellabo
758 1436 789 1489 te
808 1434 855 1489 vel
874 1434 1029 1490 alterum?

314 1531 335 1588 Χ.
367 1534 443 1587 Ans.
463 1532 519 1586 Hic
538 1530 685 1600 Simplus,
704 1545 758 1599 ego
777 1530 891 1599 Duplus
910 1545 1005 1585 vocor.
1044 1530 1120 1584 linc.
1139 1529 1326 1584 Rectissime.

368 1630 442 1695 Quid
462 1628 556 1697 Duple
575 1629 678 1684 emes?
698 1628 830 1684 delectus
849 1631 897 1683 est
916 1628 1134 1696 pulcherrimus
1141 1644 1148 1695 ;

367 1727 411 1781 En
432 1741 519 1794 poma
538 1726 626 1789 citra,
646 1727 758 1792 persica
776 1728 867 1793 atque
888 1726 1015 1790 medica,

368 1824 412 1878 En
432 1838 506 1893 pyra
525 1823 657 1887 volema,
676 1825 798 1878 coctana
817 1824 848 1877 et
868 1823 1024 1877 nostratia.

369 1922 446 1974 Ans.
466 1919 573 1987 Quanti
594 1919 684 1975 simul
704 1920 759 1975 tibi
778 1920 879 1974 omnia
898 1920 972 1974 istec
992 1920 1147 1974 veneunt?

279 2018 336 2072 40¹2
366 2017 443 2071 Mne.
463 2016 522 2072 Sex
541 2018 642 2071 omnis
662 2017 733 2072 haec
752 2017 901 2072 sestertiis
921 2017 1107 2072 venundato.

368 2117 446 2169 Ano.
465 2114 544 2169 Dabo
564 2116 709 2184 quinque,
728 2116 855 2170 manicis
873 2115 921 2168 his
942 2116 1017 2169 meis
1036 2114 1127 2170 simul
1145 2115 1250 2169 indito.
1290 2114 1368 2168 Msc.
1389 2114 1482 2169 Hem!

368 2212 416 2266 Nil
435 2211 568 2280 Simplus
587 2212 635 2266 hic
654 2213 812 2279 empturus
831 2212 879 2266 est
897 2212 996 2267 socius
1015 2213 1110 2267 tuus?

368 2312 446 2364 Ass.
465 2309 570 2364 Nescio
589 2309 741 2377 equidem;
761 2308 924 2377 simplicior
943 2311 990 2364 est
1009 2323 1100 2377 quam
1119 2308 1230 2377 aliquid
1249 2311 1342 2363 emat.

369 2407 445 2461 Mne.
464 2405 545 2461 Nulli
563 2405 674 2473 duplex
694 2421 757 2471 ero,
777 2407 901 2460 tametsi
921 2405 1058 2475 simplici.

279 2503 335 2559 tol.
367 2504 453 2558 Parvi
473 2505 510 2571 (si
530 2505 623 2570 emat)
643 2503 828 2559 venundabo.
867 2503 910 2558 Tu
930 2517 1059 2558 mercem
1080 2503 1185 2568 habes,

368 2601 433 2656 Iam
453 2600 542 2655 solve.
580 2602 657 2656 Ano.
678 2601 796 2655 Solvem
817 2602 848 2655 et
868 2614 919 2667 pro
938 2599 1046 2670 sodali,
1066 2615 1134 2656 cum
1154 2600 1228 2655 mihi

368 2698 527 2753 Sestertios
547 2711 599 2764 pro
618 2699 760 2766 argenteo
779 2699 834 2754 hoc
854 2699 1070 2753 numeraveris.

368 2795 444 2849 Mne.
466 2794 638 2850 Ioachimus
657 2797 717 2863 est;
738 2795 842 2849 videbo
862 2810 936 2850 num
955 2797 1002 2849 tot
1021 2795 1151 2851 habuero

368 2892 542 2960 Sestertios;
562 2894 720 2947 numerato
739 2894 783 2948 tu.
820 2892 1002 2960 Arg.Hem1
1041 2893 1119 2948 Mnc.
1138 2893 1202 2948 Iam
1223 2893 1355 2960 quinque
1376 2893 1478 2948 habes

280 2988 336 3042 bill.
367 2991 444 3045 Ano.
458 2989 522 3044 Iam
537 2990 683 3059 quinque,
696 2989 881 3059 iamdecem‚
894 2990 966 3044 citol
987 2990 1063 3044 Mne.
1074 2988 1164 3044 Heml
1184 2992 1262 3044 Ano.
1273 2989 1338 3043 Iam
1350 2990 1532 3057 quindecim,

369 3087 433 3140 Iam
453 3086 630 3154 quindecim.
670 3086 746 3140 idne.
766 3087 830 3141 Iam
851 3086 896 3140 bis
915 3087 1031 3151 decem,
1050 3085 1170 3141 nebulol
1192 3088 1270 3141 Ano.
1290 3086 1453 3141 Hahahael

369 3184 445 3238 linc.
465 3184 558 3254 Hem,
577 3185 708 3252 quinque
720 3183 831 3252 adhuo;
848 3184 995 3251 reliquum
1011 3185 1153 3238 meumst.
1173 3185 1250 3239 Ano.
1265 3183 1401 3251 Quinque
1414 3183 1532 3254 addim,

369 3279 430 3347 Quo
450 3282 602 3335 commode
622 3280 677 3334 hoo
696 3294 747 3346 pro
767 3280 894 3347 simplici
915 3281 1029 3335 solvam
1049 3280 1168 3348 duplex.

369 3379 445 3433 Meo.
484 3379 591 3443 Accipe
609 3377 720 3444 duplex
741 3376 795 3430 hos
814 3378 945 3444 quinque
963 3378 1069 3433 adhuc.
1106 3377 1240 3445 Simplex
1260 3377 1329 3445 quid
1349 3377 1398 3432 hic

280 3475 335 3528 55¹.
366 3475 532 3543 umpturus
550 3477 620 3530 eet?
656 3476 731 3529 Mne.
752 3474 832 3541 Quod
854 3474 901 3531 hic
920 3475 1049 3530 voluerit
1068 3475 1189 3530 solvere.

369 3574 446 3626 Ano.
484 3572 603 3628 Solvem
623 3573 745 3628 unicum
765 3574 948 3628 sestertium.
986 3573 1030 3628 Tu
1049 3571 1151 3640 delige.

369 3671 442 3724 Mne.
481 3670 618 3739 Minime,
638 3670 688 3724 sed
707 3671 772 3737 ipsa
790 3671 841 3725 det
857 3670 942 3724 mihi.
971 3671 1047 3724 linc.
1061 3669 1153 3724 Heml
1182 3671 1260 3724 Ano.
1274 3669 1346 3736 Quis
1359 3683 1408 3724 me
1421 3671 1534 3726 vocat?

370 3768 444 3822 Mxn.
463 3767 575 3822 Nescio.
614 3768 690 3822 linc.
709 3767 770 3834 Quo
789 3768 875 3822 abis?
912 3766 996 3822 Heus
1014 3769 1064 3836 tu,
1083 3767 1158 3821 mihi
1178 3766 1365 3822 Ioechimum
1385 3767 1485 3823 adhuc

368 3864 434 3919 Non
454 3864 620 3934 tradidisti,
639 3865 689 3919 sed
710 3879 792 3919 mess
812 3878 924 3919 merces
944 3864 1019 3918 mihi
1039 3866 1071 3918 et

279 3961 335 4017 60&
366 3961 510 4017 Sestertio
529 3962 656 4028 triginta
674 3960 826 4016 abstulisti
846 3960 975 4015 subdole.

368 4059 444 4114 linc.
464 4059 605 4128 Sequere,
625 4058 719 4125 iugitl
757 4060 835 4113 Mne.
855 4058 921 4112 Non
941 4059 983 4112 sic
1002 4059 1106 4113 tamen
1126 4072 1174 4113 ms
1192 4056 1343 4125 effugerit!

369 4155 474 4224 Serva,
495 4169 579 4222 puer,
599 4154 719 4210 bellaria
739 4157 818 4210 haec.
856 4157 923 4216 Sta,
943 4155 990 4209 fur
1009 4155 1114 4223 fugax!

370 4249 445 4302 linc.
466 4248 592 4302 Servabo
611 4249 658 4314 (ut
676 4249 787 4315 iuquit)
806 4249 837 4302 et
856 4251 975 4309 uiantes»
994 4248 1119 4315 singula.

371 4339 393 4396 Ο
413 4340 552 4407 Mercuri,
572 4339 742 4395 suffecerint
760 4339 880 4395 bellaria

281 4438 338 4493 65&
370 4437 500 4492 Haecin
519 4437 634 4491 dierum
654 4437 852 4492 hebdomadas
871 4437 1011 4505 ampliter
1028 4438 1116 4493 duesl

371 4535 461 4590 Recte
480 4535 544 4589 suis
562 4534 677 4602 Megera
695 4534 783 4588 rebus
802 4534 945 4600 consulit,

368 4632 503 4687 Ornanda
523 4632 598 4698 quod
619 4646 673 4686 sua
692 4630 771 4685 mala
790 4631 947 4699 Meloclopo
966 4632 1055 4686 dedit.
