3270 5310
752 439 816 503 227

162 632 296 712 probari
320 631 429 713 possit
452 632 486 694 in
511 634 747 712 contemptum
771 631 825 695 vel
850 631 1091 696 contumeliam
1115 648 1233 697 earum
1249 632 1393 697 dixerim

163 764 216 811 me
250 750 334 827 puto
369 763 484 811 coranr
516 750 550 810 te
583 762 723 827 prorsus
754 746 925 810 insontem
948 746 1175 812 iudicandum.
1221 748 1270 812 At
1292 748 1408 830 116666

161 862 346 928 vernacula
376 862 538 941 loquutus
570 879 626 941 es,
659 861 835 942 inquiunt„
876 861 951 926 Non
983 861 1128 941 infitior,
1161 880 1238 927 curn
1263 865 1414 928 muliere.

161 978 210 1042 At
248 977 436 1042 secundum
475 977 567 1058 leges
605 976 697 1042 nulla
736 994 876 1058 prorsus
912 977 1046 1042 ratione
1081 977 1194 1058 lingua
1229 980 1417 1045 vernacula

160 1093 367 1174 loquendum
409 1092 633 1158 contendunt.
689 1092 828 1162 Fateor.
872 1110 949 1157 curn
992 1093 1213 1158 scholastico:
1255 1095 1286 1157 id
1325 1097 1414 1174 quod

162 1209 269 1274 callidi
294 1214 329 1273 61
352 1208 483 1274 subdoli
507 1208 735 1279 subticentes.
762 1208 890 1288 optime
907 1209 1157 1288 promulgatam
1173 1210 1235 1273 abs
1254 1213 1287 1274 te
1304 1210 1414 1291 legem

163 1325 320 1404 nequiter
343 1325 560 1389 subvertunt.

10 1451 152 1506 suetudo.
210 1441 353 1523 Annon,
377 1439 582 1505 suavissime
605 1443 821 1520 praeceptor,
846 1439 879 1502 id
903 1440 1070 1504 hactenus
1095 1440 1129 1503 in
1155 1441 1270 1505 schola
1294 1444 1416 1506 nostra

162 1572 230 1620 norr
256 1555 439 1620 illaudabili
469 1554 716 1620 consuetudine
749 1555 973 1619 observatum
997 1559 1069 1635 est,
1094 1559 1133 1619 ut
1158 1573 1237 1620 cum
1261 1557 1416 1621 externis

161 1674 199 1737 et
222 1671 371 1736 maxime
394 1671 506 1735 idiotis
530 1678 566 1735 et
589 1670 797 1735 mulierculis
812 1687 973 1735 sermone
988 1670 1055 1735 11116
1072 1672 1254 1737 vernaculo
1270 1672 1414 1754 impune

10 1791 143 1847 boatum.
162 1787 254 1867 loqui
277 1787 404 1852 liceat?
435 1787 492 1850 An
516 1803 583 1851 non
608 1789 668 1851 tuo
692 1787 799 1865 ipsius
815 1786 906 1851 baud
924 1787 1124 1852 temerando
1139 1786 1262 1852 iudicio
1278 1803 1415 1868 semper·

10 1928 94 1983 ,uum
113 1914 144 1968 et
162 1904 313 1969 accusati
337 1902 378 1967 de
402 1902 502 1966 simili
525 1919 608 1967 casu
631 1918 759 1983 poenas
783 1900 907 1980 alioqui
934 1901 1066 1965 debitas
1089 1904 1259 1966 evasere?
1288 1903 1413 1967 Annon

10 2000 109 2042 ’num‘
162 2037 309 2100 aequum
333 2022 369 2083 ct
392 2019 518 2083 bonum
542 2018 616 2082 sive
640 2017 764 2081 rationi
788 2032 977 2081 consonum
1001 2016 1106 2080 etiam
1130 2015 1280 2098 Scythae
1300 2019 1413 2096 (modo

160 2151 275 2199 coram
306 2133 372 2199 illis
403 2150 507 2198 66666
530 2131 666 2219 agatur)
690 2132 905 2203 iudicabunt,
930 2132 960 2196 61
986 2149 1063 2196 6616
1088 2131 1259 2197 Germano
1283 2150 1410 2214 germa-

160 2250 253 2331 nice,
284 2266 361 2314 cunr
391 2248 487 2313 Gallo
511 2248 645 2329 gallice,
670 2265 750 2312 cum
774 2246 931 2312 omnibus
955 2263 1112 2311 sermone
1136 2247 1202 2312 11116
1227 2249 1413 2315 vernaculo

161 2365 362 2446 loquamur,
394 2365 597 2445 praesertim
631 2364 659 2428 si
695 2363 847 2444 linguam
882 2361 936 2427 vel
969 2343 1127 2426 Latinam
1158 2363 1213 2427 vel
1245 2363 1412 2428 Graecam

162 2482 345 2564 ignorent?
392 2482 517 2546 Annon
542 2481 569 2544 si
595 2497 697 2545 secus
720 2496 880 2560 6661666,
906 2482 968 2542 661
991 2479 1137 2543 insanire
1154 2496 1216 2544 666
1232 2480 1412 2561 66161661,

163 2599 224 2662 661
254 2614 275 2662 6
308 2597 478 2662 communi
509 2597 684 2661 hominum
715 2596 789 2660 vita
819 2595 948 2660 6116666
957 2595 975 2658 ‘l
1022 2594 1196 2674 Obstupeo
1228 2595 1256 2659 61
1283 2613 1352 2661 666
1377 2600 1413 2660 61

161 2713 237 2793 1666
271 2715 396 2777 661616
430 2711 493 2776 hoc
524 2711 678 2776 suadeat.
735 2711 940 2775 Obiecerunt
972 2710 1138 2791 secundo,
1170 2712 1258 2791 quod
1292 2716 1413 2777 contra

163 2828 260 2908 leges
283 2827 462 2892 tabernam
485 2826 696 2907 popinariam
719 2826 923 2890 accesserim
946 2831 1049 2906 potus
1072 2828 1191 2908 gratia.
1219 2828 1413 2910 „Tabernas

161 2943 368 3025 quaslibet”,
392 2942 569 3022 inquiunt,
597 2945 720 3026 ,66166
743 2943 852 3022 616116
875 2959 918 3006 66
943 2942 1127 3009 accedito”.
1153 2943 1285 3008 Rursus
1301 2946 1411 3009 mode-

162 3062 257 3123 ratae
281 3057 363 3139 legis
387 3058 537 3139 perversi
562 3059 725 3122 citatores
748 3060 784 3122 61
807 3057 933 3122 falsarii
957 3075 1020 3123 666
1044 3076 1081 3122 66
1106 3058 1216 3138 gladio
1239 3059 1410 3141 iugulant,

161 3191 239 3239 curn
272 3190 339 3238 non
370 3174 535 3255 scriptum
567 3174 613 3238 611
639 3190 701 3256 ,66
725 3173 910 3240 6666111162
936 3174 996 3238 sed
1023 3191 1085 3257 ,66
1110 3174 1284 3240 1611·6116”.
1336 3176 1410 3240 Aut

162 3291 308 3370 probent
337 3306 393 3353 me
423 3289 525 3370 igitur
556 3289 730 3369 introisse,
755 3292 817 3352 661
841 3292 900 3353 166
924 3289 1044 3354 iudicio
1069 3289 1257 3354 immunem
1281 3291 1407 3356 sinant.

161 3404 246 3484 Quin
278 3409 314 3471 et
337 3405 400 3470 boc
424 3405 535 3470 ausim
560 3405 601 3470 de
625 3405 808 3484 prudent-ia
832 3408 867 3469 et
891 3405 1065 3485 aequitate
1088 3406 1319 3486 praeceptoris
1344 3408 1409 3470 mei

162 3537 224 3585 seu
254 3521 440 3601 confidere,
470 3537 532 3585 seu
564 3537 799 3600 praesumere,
831 3520 859 3582 61
891 3523 1011 3584 666116
1038 3521 1143 3585 verba
1166 3521 1248 3602 legis
1273 3522 1409 3587 omnino

162 3636 299 3701 domum
324 3636 536 3715 introissem,
561 3639 598 3700 et
621 3640 698 3714 post
721 3635 817 3699 lusus
837 3634 1170 3715 exercitationesque
1187 3641 1408 3719 campestres

161 3754 239 3832 post
272 3752 422 3816 laborem
457 3751 608 3831 itineris,
640 3755 719 3831 post
750 3754 867 3814 tantos
898 3749 980 3814 66116
1010 3751 1150 3815 ardores
1181 3768 1241 3830 pro
1264 3757 1408 3817 naturae

161 3867 404 3932 refocillatione
440 3867 619 3949 bibissem,
654 3867 751 3930 iuxta
786 3865 972 3945 legitimam
1002 3869 1094 3930 certe
1127 3867 1407 3933 constitutionem

162 3982 283 4063 Scripti
315 3986 351 4047 et
380 3983 590 4063 6661661166,
623 3984 682 4046 166
709 3983 830 4047 16111616
854 3982 937 4046 liber·
960 4000 980 4046 a
1005 3982 1174 4046 calumnia
1197 3982 1408 4049 delatoribus

159 4098 277 4162 invitis
307 4098 499 4162 evaderem.
547 4096 636 4161 Nam
667 4098 789 4162 domus
821 4097 895 4178 illa,
929 4097 1009 4161 licet
1043 4097 1118 4161 aliis
1148 4099 1221 4163 sive
1247 4100 1408 4181 taberna,

159 4214 232 4278 sive
265 4214 405 4293 popina,
438 4213 511 4277 sive
543 4229 651 4293 ganea
682 4214 747 4294 sit,
779 4213 858 4277 mibi
888 4218 981 4277 certe
1013 4213 1238 4279 diversorium
1262 4215 1345 4295 fuit;
1372 4220 1408 4281 et

159 4334 302 4410 nat-ura,
339 4328 421 4392 licet
453 4345 560 4408 usque
592 4329 637 4392 sit
669 4346 689 4392 a
718 4329 894 4392 nirrrietate
927 4332 961 4392 et
993 4329 1165 4409 superfluo
1196 4347 1311 4395 161661
1343 4349 1408 4396 666

159 4444 363 4526 coercenda,
388 4461 564 4524 nunquam
588 4449 704 4509 1611166
729 4445 915 4508 subtractis
935 4445 1136 4509 necessariis
1153 4448 1208 4510 661
1224 4447 1406 4519 obruenda,

10 4572 148 4628 suetudo.
162 4560 350 4625 secundum
374 4560 483 4640 legem
507 4577 528 4623 a
551 4560 658 4640 611616
684 4577 797 4624 161661
822 4559 950 4640 6116166
966 4560 1029 4623 sibi
1045 4560 1199 4628 inditam.
1224 4561 1273 4625 Ut
1288 4563 1407 4627 sileam

159 4676 297 4740 interim
332 4692 435 4756 quam
472 4675 584 4738 nullus
620 4692 771 4754 unquam
807 4675 1020 4755 reprobravit
1055 4677 1337 4743 consuetudinem
1371 4684 1407 4743 ct
