3270 5310
857 396 899 460 98

252 607 336 671 puer
360 589 523 654 Perediam
549 589 603 653 vel
628 588 812 667 Puepm'um
826 587 869 677 ¹),
889 588 1036 654 famulus
1053 588 1219 669 Locrpac
1236 589 1290 653 vel
1307 589 1502 671 Hyperetes,

251 706 396 770 carceris
420 708 537 769 custos
563 704 825 784 Deemopltylcx,
851 721 939 769 anus
967 704 1150 786 Graidloa,
1174 705 1286 786 puella
1310 704 1502 786 Ocresiam,

249 823 341 886 servi
373 821 468 902 probi
499 825 534 884 et
566 820 682 884 fideles
715 819 934 900 Phronimus,
967 820 1093 901 Pictos,
1118 821 1338 903 Philoponua3
1364 821 1503 901 gulosus

249 937 349 1002 heluo
380 937 590 1018 Lacnzorpuc
621 937 744 1000 dicitur
775 939 811 1000 et
835 936 956 1001 mulier
980 937 1135 1001 adultera
1158 937 1354 1018 simpliciter
1378 936 1501 1001 Poros.

252 1052 315 1133 Qui
351 1053 508 1117 omnibus
543 1053 735 1117 hominibus
771 1052 966 1133 exemplum
1003 1053 1218 1133 proponitur,
1254 1055 1294 1116 ut
1325 1068 1387 1117 suo
1419 1069 1501 1116 casu

250 1172 463 1250 spectatores
504 1169 688 1232 admoneat
722 1169 811 1247 quod
847 1168 1005 1247 cuiquam
1041 1168 1173 1232 accidat
1207 1168 1314 1232 cuivis
1349 1168 1502 1232 accidere

250 1301 351 1365 posse
388 1284 568 1349 Hecostom
601 1284 706 1349 habet
736 1301 861 1348 nomen
882 1284 919 1371 ²).
966 1284 1124 1364 Agricola
1159 1283 1308 1364 &eorpus
1339 1287 1501 1363 vocatur,

249 1401 412 1465 coriarius
436 1399 668 1483 Byrmcnmn,
693 1417 778 1479 quos
802 1405 919 1464 tamen
944 1400 1043 1464 aliter
1066 1399 1214 1480 appellat
1238 1398 1345 1464 Andr.
1370 1400 1431 1463 157
1450 1415 1499 1478 sq.

517 1567 612 1635 Abegi
631 1567 664 1621 in
683 1581 788 1633 agrum
811 1565 954 1636 (leporum
973 1581 1073 1620 meum
1093 1568 1124 1620 ct
1143 1567 1232 1621 tuum

518 1663 677 1733 Aplocrnon
696 1665 728 1717 in
746 1664 879 1718 coriariis
898 1663 1055 1718 laboribus.

294 1813 386 1877 Talia
420 1817 537 1878 autem
569 1814 707 1878 nomina
738 1831 782 1878 ex
815 1813 1056 1878 vocabulorum
1080 1813 1324 1894 significatione
1349 1829 1500 1877 nonnun-

249 1945 351 2008 quam
384 1928 521 1993 ludendi
553 1930 731 1993 materiem
763 1931 928 2010 praebent
959 1933 999 1994 ut
1029 1930 1062 1993 in
1095 1930 1313 2010 satislepido
1337 1928 1501 2008 colloquio

249 2044 331 2110 Reb.
361 2045 426 2109 553
453 2061 525 2125 sqq.
551 2045 607 2109 ubi
631 2046 698 2110 duo
722 2045 863 2109 iuvenes
886 2046 921 2108 ln
946 2062 1101 2126 caupona
1124 2045 1205 2109 dum
1230 2061 1336 2110 coena
1358 2037 1502 2125 paratur

247 2161 358 2225 iocose
383 2163 419 2226 et
443 2160 594 2225 hilariter
618 2179 695 2225 curn
720 2161 884 2225 ancillulis
908 2161 1170 2226 confabulantur
1186 2161 1220 2224 in
1237 2161 1326 2225 hunc
1344 2160 1499 2225 modum:

375 2328 553 2397 Macaron,
572 2328 755 2398 Banasam,
775 2329 938 2397 deomena,
958 2329 1123 2384 Dracones.

285 2425 359 2480 Man.
384 2422 490 2480 Sedete
514 2426 586 2480 dum
613 2427 750 2490 iuvenes,
769 2426 855 2480 adest
876 2426 1041 2481 obsonium.
1061 2426 1150 2481 Curre
1169 2427 1266 2491 ocius,

284 2522 398 2591 Puella,
419 2522 514 2588 profer
533 2537 548 2576 6
572 2523 691 2589 panario
710 2523 770 2577 cito
790 2537 843 2576 sex
862 2524 996 2591 integros
1263 2527 1266 2532 “

282 2619 490 2687 similagineos
511 2632 602 2687 panes
622 2631 730 2686 eosque
750 2619 903 2674 candidos!
925 2620 1046 2675 Audin?
1065 2620 1162 2675 Daou.
1182 2620 1272 2677 Licet.

281 2715 366 2769 Onon.
399 2715 481 2769 Heus
502 2717 551 2779 tu,
571 2715 693 2784 nigella,
713 2716 880 2770 etiamnum
901 2718 932 2770 et
951 2717 980 2770 id
1000 2719 1098 2781 curet,
1119 2718 1215 2784 magis
1234 2719 1265 2772 te
1283 2718 1462 2772 candicant?

283 2811 424 2866 Melancia
444 2811 584 2880 appellari
605 2812 714 2867 videris
733 2813 783 2881 tu,
803 2827 874 2867 nam
896 2814 1028 2881 praedita
1047 2829 1079 2868 es

280 2908 444 2964 Fuscsdine
463 2909 625 2963 admodum
646 2912 781 2964 venusta.
802 2911 891 2966 Drsc.
912 2912 1027 2965 Iterum
1047 2912 1218 2979 augurem,
1236 2911 1392 2978 improbe?

281 3006 377 3060 Danu.
417 3006 578 3070 Mecastor,
597 3005 648 3060 illa
669 3008 790 3061 nomine
808 3007 840 3062 61
858 3022 890 3062 re
901 3008 923 3071 ³)
942 3006 1057 3062 fuscula
1075 3009 1138 3076 esl;
1159 3007 1300 3063 Melancia

280 3102 357 3156 Nam
376 3103 494 3157 dicitur.
516 3102 601 3157 Nivis
621 3104 720 3159 instar
738 3118 803 3160 6666
822 3104 939 3160 candidi
961 3119 1061 3173 panes.
1081 3106 1198 3160 Modoe

282 3197 405 3254 cellario
424 3199 611 3267 depromitur
631 3201 764 3256 Bacchus
778 3205 809 3268 1).
829 3201 947 3271 Valete,
967 3203 1068 3256 vivite.

281 3295 370 3352 Drsc.
408 3296 460 3352 Dio
479 3297 593 3366 olopice
611 3299 643 3352 et
662 3298 752 3353 istius
771 3298 884 3366 puellae
905 3301 1026 3354 nomem
1044 3301 1093 3354 An
1112 3300 1244 3354 Lacaena
1263 3299 1326 3354 sit?

279 3393 364 3448 Onon.
402 3394 432 3449 Si
452 3394 483 3448 61
503 3394 550 3449 hic
571 3394 646 3449 mihi
668 3395 755 3450 liceat
775 3396 961 3463 augurarier,
983 3395 1163 3450 Dromellula
1181 3396 1298 3451 dicitur.

280 3491 377 3544 Daou.
417 3490 554 3559 Tetigisti
574 3506 628 3547 acu
649 3494 803 3547 mecastor.
824 3492 868 3546 En
888 3493 1003 3548 vinum.
1023 3492 1142 3561 valete,
1162 3493 1269 3548 civite!

282 3810 291 3846 ¹
412 3845 419 3858 .
532 3847 538 3860 .

279 3810 303 3958 ’ζ
320 3805 463 3949 1116811111ηέ)
463 3819 587 3960 ἴξζρτὴ
605 3907 643 3948 ex
663 3893 765 3960 lingua
786 3893 943 3948 vernacula
966 3895 1088 3961 sumpta
1108 3894 1250 3961 leguntur
1269 3894 1316 3950 Al.
1334 3894 1378 3948 64.

559 3999 652 4055 Multo
674 4013 758 4054 secus
778 3998 884 4069 Baelo,
905 3998 1005 4069 Grato,
1028 3998 1148 4054 Bertolu

560 4087 598 4141 Et
619 4087 708 4142 Metto
729 4088 924 4143 convicanea-e
945 4101 994 4142 me
1012 4088 1182 4144 tractitant.

279 4194 358 4249 Patr.
385 4192 453 4260 801,
482 4192 651 4261 Portcnpius
678 4192 731 4248 802
762 4192 914 4263 Spcnpiua,
939 4194 993 4249 803
1021 4192 1201 4264 0661666166,
1230 4194 1322 4250 Alata
1347 4196 1379 4250 et
1403 4194 1495 4251 Heirro

243 4296 359 4351 quoque
379 4281 537 4336 vernacula
557 4282 640 4336 sunt.

279 4372 301 4438 ³)
320 4369 361 4425 Of.
386 4370 472 4424 Asot.
498 4369 569 4424 1187
596 4369 710 4423 Asotus
734 4372 759 4424 61
780 4385 810 4423 re
834 4373 860 4425 61
878 4371 1060 4426 1166116661.
1081 4370 1151 4426 Reb.
1170 4372 1223 4426 513
1242 4372 1354 4439 caupo:
1374 4371 1496 4427 Nomine

242 4461 267 4514 ct
285 4473 316 4513 re
334 4457 473 4513 Bromius
494 4468 589 4512 vocor.

277 4550 300 4615 ⁴)
319 4545 454 4602 Bromius
479 4545 645 4615 appellatur
672 4546 778 4601 vinum
804 4545 850 4600 Al.
879 4548 931 4602 285
951 4547 1086 4602 Ehodum
1107 4547 1219 4616 puella,
1239 4549 1312 4617 quin
1331 4549 1494 4605 ministras

239 4635 372 4694 fercula?
391 4635 468 4704 Quin
487 4636 626 4691 Bromius
645 4633 773 4689 adsilit?

76 4776 163 5002 ι
