3270 5310
715 392 778 466 Ι173

667 633 830 705 Chorus.
908 621 910 624 ’

590 855 734 919 iambico
757 855 905 920 dimetro

460 1075 582 1140 Creata
605 1079 689 1140 sunt
711 1075 833 1139 solatio

414 1192 547 1256 Baccho
571 1192 683 1258 dicata
708 1207 867 1271 munera,

414 1308 453 1372 ln
477 1308 704 1388 gaudiumque
728 1308 840 1371 danda
863 1310 963 1387 sunt,

414 1423 588 1489 Sumenda
611 1440 745 1504 quoque
770 1422 1009 1487 moerentibus.

460 1617 633 1682 Sumenda
656 1620 738 1681 sunt
763 1616 994 1681 moerentibus

415 1731 481 1797 Pro
505 1735 696 1812 temperato
720 1732 860 1812 gaudio;

416 1848 491 1912 Non
516 1847 651 1929 regibus
675 1864 738 1912 neo
761 1847 926 1927 satrapis,

415 1963 465 2029 Ne
490 1965 581 2028 iusta
604 1970 640 2027 et
664 1979 773 2043 aequa
796 1962 978 2043 negligant.

461 2157 495 2222 Si
519 2158 627 2222 hostis
651 2174 770 2238 greges
793 2158 945 2237 abegerit

417 2274 452 2338 Si
476 2292 557 2338 cura
581 2279 733 2338 mentem
757 2274 937 2354 presserit,

418 2389 453 2454 si
476 2407 564 2454 uxor
588 2389 685 2454 malis
710 2407 763 2453 me
787 2388 958 2470 affecerit,

416 2505 544 2570 Vinum
567 2506 750 2570 bibendum
775 2505 923 2584 porrige!

461 2699 550 2764 Dum
574 2717 651 2764 mea
674 2699 831 2779 Megaera
854 2699 888 2762 in
913 2715 967 2763 me
991 2697 1092 2778 furit,

415 2814 504 2879 Dum
528 2815 711 2885 blacterat,
737 2815 819 2879 dum
842 2813 1046 2895 perstrepit,

416 2910 505 2995 Dum
528 2930 625 2994 illidit
648 2930 763 2995 aulam
787 2930 925 3010 vertici,

415 3045 544 3110 Vinum
568 3046 749 3110 bibendum
774 3046 922 3126 porrigel

461 3232 597 3311 Porrige
621 3231 806 3295 bibendum
829 3230 956 3310 largius

418 3348 534 3412 Unum
558 3348 688 3412 duosve
712 3348 866 3428 congios,

418 3463 465 3527 Ut
490 3480 587 3527 mens
612 3462 726 3527 dolore
751 3463 867 3526 tabida

417 3579 482 3644 Per
505 3579 664 3642 liberum
687 3578 856 3643 relloreat.

463 3762 550 3827 Dum
575 3762 680 3826 llavet
703 3763 737 3825 in
762 3763 863 3826 calice
888 3779 1037 3840 merum,

418 3878 551 3942 Dumve
576 3877 736 3942 exiluerit
759 3876 896 3958 pooulo,

418 3994 509 4058 Cave
535 3994 672 4057 modum
698 4011 740 4057 ne
764 3994 952 4057 excesseris

418 4109 571 4173 (iulaeve
596 4109 695 4172 nimis
718 4108 908 4175 indulseris.

463 4294 551 4358 Nam
578 4294 732 4357 blandius
755 4293 844 4357 solet
866 4292 1015 4373 ingredi,

417 4409 572 4475 Ridentis
597 4409 705 4471 instar
728 4407 878 4488 pueruli,

417 4525 468 4589 At
491 4525 554 4588 nisi
579 4524 717 4589 modum
740 4524 935 4588 servaveris

417 4642 509 4706 lllore
534 4641 660 4721 aspidis
685 4640 914 4706 momorderit.
