3270 5310
969 406 1032 469 182

500 597 574 663 Src.
601 598 684 663 Scio.
733 598 810 663 Huc
832 598 995 663 Cabiscus
1018 600 1054 663 et
1078 597 1259 681 Stypisous
1281 601 1337 685 (ut
1360 599 1422 663 sibi

376 715 451 778 910.
499 713 746 800 condixerant)
770 730 874 779 urnas
898 713 1050 779 ferentes
1073 713 1194 778 fictiles

502 828 554 892 Ab
579 829 743 910 oenopola
766 829 944 909 postulant
967 829 1161 909 germanica

500 943 589 1008 Vina
612 947 666 1026 et,
691 961 778 1024 quae
801 944 845 1008 ibi
870 960 997 1009 novere
1021 960 1089 1008 non
1113 945 1302 1008 venundari

499 1059 589 1139 lam,
614 1061 747 1124 cretica.
796 1059 877 1124 lude
903 1060 997 1125 missi
1020 1059 1054 1124 in
1078 1060 1192 1124 aedeis
1215 1059 1343 1125 alteras

499 1176 636 1254 Aquam
659 1175 839 1257 hauriunt,
864 1174 961 1239 dulce
986 1175 1188 1240 simulantes
1212 1175 1385 1239 creticum.

376 1291 451 1354 915.
500 1289 618 1356 Denuo
643 1290 772 1355 adeunt
795 1290 910 1355 aedeis
933 1290 1077 1370 priores,
1103 1290 1214 1354 altera

501 1406 623 1471 Fracta
645 1406 781 1487 lagena,
807 1405 1022 1487 postulantes
1046 1406 1182 1485 congios

500 1520 577 1584 Vini
600 1520 686 1584 duos
710 1521 864 1585 renensis
887 1520 1125 1606 (infortunium

500 1635 607 1700 Suum
631 1636 803 1715 querendo
827 1639 864 1700 et
886 1636 1077 1717 improbum
1102 1636 1287 1723 vinarium)

501 1749 538 1815 ln
562 1767 669 1815 aeneo
692 1751 755 1815 sibi
778 1751 1023 1816 commodando
1048 1751 1198 1816 vasculo

377 1867 450 1931 920.
500 1866 560 1931 Vir
584 1869 770 1947 acquiescit
793 1868 965 1950 precibuS,
990 1868 1252 1948 haudquaquam
1275 1867 1338 1931 sibi

500 1982 588 2047 Data
611 1985 716 2047 verba
740 1985 953 2065 suspicatus,
977 1986 1015 2048 at
1038 1984 1189 2065 precium
1214 1984 1296 2048 meri

500 2097 537 2161 Iu
562 2115 669 2162 aenea
692 2098 841 2178 prompti
864 2097 975 2163 fidelia
998 2098 1112 2179 exigit.

502 2213 551 2277 llli
575 2213 733 2294 inquiunt
757 2231 893 2278 omnem
917 2231 955 2278 se
978 2215 1012 2279 in
1037 2214 1184 2280 effusum
1207 2215 1300 2296 pn'us

501 2329 683 2394 Pecuniam
707 2330 929 2410 expendisse;
954 2331 1007 2394 sin
1031 2330 1149 2394 credat
1173 2331 1302 2406 minus,

374 2443 449 2509 925.
499 2444 729 2525 Lagunculam
752 2462 830 2510 cum
855 2446 981 2510 cretico
1005 2445 1086 2509 dare
1110 2445 1247 2527 pignori.
1295 2444 1394 2509 Hanc

420 2591 421 2596 =
500 2559 559 2623 Vir
583 2561 629 2624 nil
654 2560 718 2625 doli
742 2560 851 2626 latere
875 2562 1053 2642 suspicans
1076 2560 1141 2625 sibi

497 2674 630 2740 Servat.
679 2676 819 2741 Abeunt
843 2676 1080 2756 spondentque
1104 2693 1182 2741 cum
1205 2675 1349 2758 pecnnia

498 2789 577 2855 Mox
601 2807 639 2855 se
662 2791 861 2872 adfuturos;
885 2793 933 2856 sic
957 2808 1019 2856 suo
1043 2792 1142 2872 genio
1166 2794 1293 2856 vacant

496 2906 660 2987 lncogniti
686 2906 849 2971 damnum
873 2908 1024 2973 ferentes
1047 2908 1199 2990 hydriae.
1292 2996 1293 3005 ἵ

373 3023 448 3087 930.
498 3021 621 3089 Panna.
648 3023 713 3087 Per
736 3023 919 3089 Herculem
943 3028 1041 3089 astus
1064 3023 1117 3088 hic
1140 3023 1290 3103 facetus3
1314 3024 1447 3105 possiet

497 3139 697 3219 Remittier‚
722 3139 789 3203 nisi
813 3140 997 3205 accidisset
1020 3140 1194 3205 crebriter.

496 3254 570 3320 Src.
608 3255 697 3336 Cape
721 3255 858 3336 reliqua.
894 3255 980 3321 Cum
1004 3256 1107 3321 iidem
1130 3257 1250 3321 eadem
1275 3273 1418 3337 vespera

496 3370 560 3452 Te,
586 3369 777 3450 praesidem
801 3374 839 3435 et
861 3374 975 3435 totum
999 3375 1159 3436 senatum
1183 3372 1219 3435 in
1242 3371 1385 3435 aedibus

496 3486 646 3550 Coenare
670 3491 814 3550 nossent
837 3486 1003 3569 consulis,
1028 3487 1120 3551 viam
1144 3486 1303 3551 obsident

372 3602 447 3666 935.
497 3600 561 3665 Per
585 3619 689 3681 quam
712 3604 776 3666 sub
800 3602 918 3666 horam
943 3602 1054 3667 noctis
1077 3600 1133 3689 (ut
1156 3601 1211 3688 tlt)
1235 3602 1377 3666 tertiam

495 3717 682 3782 Artocreas
706 3717 814 3782 ferret
837 3717 992 3782 minister
1016 3721 1052 3781 et
1075 3717 1140 3781 alia

495 3831 674 3897 Postrema
698 3850 837 3897 mensae
862 3833 1007 3913 fercula,
1031 3833 1232 3913 oppandunt
1254 3850 1388 3914 quoque
1459 3891 1461 3896 .

495 3948 645 4012 Tenuem
671 3949 847 4030 angiporto
871 3949 1006 4029 funem,
1032 3954 1071 4013 ut
1093 3948 1275 4030 implicitus
1298 3950 1384 4031 pede

497 4063 711 4145 lmprovidus
734 4065 806 4129 luto
829 4064 966 4130 incidat.
1015 4065 1166 4128 Tandem
1190 4069 1285 4130 stata

373 4182 449 4244 940.
497 4179 644 4243 Rediens
671 4181 825 4244 minister
847 4181 931 4244 hora
955 4183 1101 4245 onustus
1125 4180 1277 4245 lancibus

497 4295 589 4359 Fune
614 4295 760 4374 obligato
784 4313 949 4376 praensus
973 4296 1007 4360 in
1030 4295 1142 4360 lutum
1165 4296 1258 4360 labat

495 4410 697 4490 Cavensque
721 4410 863 4492 dapibus
887 4411 951 4475 sibi
975 4428 1096 4476 cavere
1121 4411 1259 4492 negligit

496 4525 624 4591 Verum
648 4526 846 4606 inquinatus
869 4526 951 4590 dum
974 4527 1093 4591 studet
1117 4526 1311 4591 mundaner

496 4641 581 4707 Cum
603 4642 756 4724 pluribus
779 4644 882 4707 etiam
906 4643 940 4705 hi
964 4642 1031 4707 duo
1055 4643 1155 4707 simul
1178 4641 1341 4724 affluunt3
