3270 5310
795 383 833 446 17

235 577 273 641 ln
308 577 464 642 omnibus
498 575 701 657 Macropedii
736 574 858 640 fabulis
887 574 1111 640 inveniuntur
1142 577 1293 640 carmina
1323 576 1437 658 lyrica.

191 693 318 758 Omnes
341 693 433 756 enim
455 691 791 766 fabularum-actus,
816 691 999 772 postremis
1023 691 1195 772 exceptis,
1221 691 1331 756 choris
1348 691 1438 757 clau-

191 808 329 875 duntur.
377 808 497 888 ltaque
529 807 681 888 singulae
712 806 847 872 fabulae
878 811 1065 886 quaternos
1088 807 1217 872 habent
1240 807 1379 887 choros;
1402 808 1437 871 in

191 924 263 988 sola
282 923 487 1006 Hypomone
503 923 644 1003 quintus
660 939 794 1002 quoque
810 925 910 988 actus
927 923 1028 987 choro
1044 922 1169 987 finitur.
1201 922 1241 987 in
1257 923 1438 988 comoediis

192 1039 365 1121 omnibus,
395 1040 429 1103 in
454 1040 584 1121 Asoto,
608 1039 644 1102 in
667 1033 872 1121 Hypomone
897 1055 1016 1103 omnes
1040 1038 1132 1102 chori
1156 1038 1333 1119 compositi
1357 1041 1440 1103 sunt

192 1156 345 1220 dimetris
373 1154 542 1237 iambicis;
567 1157 747 1235 praeterea
770 1157 842 1219 tres
866 1155 901 1218 in
924 1153 1096 1235 Hecasto,
1120 1171 1210 1218 unus
1233 1154 1267 1217 in
1292 1154 1439 1237 Lazaro,

192 1288 282 1336 unus
297 1271 332 1334 in
348 1271 500 1352 losepho.
525 1270 715 1334 Trochaicis
731 1269 886 1335 dimetris
899 1270 1016 1350 scripti
1028 1272 1112 1334 sunt
1124 1286 1245 1334 omnes
1258 1269 1350 1334 chori
1362 1269 1452 1335 lesu·

193 1387 408 1467 Scholastici‚
433 1386 607 1451 secundus
632 1386 783 1467 losephi,
808 1386 932 1451 tertius
955 1384 1109 1451 Hecasti.
1139 1384 1248 1449 Metro
1266 1384 1441 1467 glyconico

192 1503 308 1584 scripti
343 1502 503 1584 leguntur
537 1503 604 1567 duo
640 1477 731 1566 chori
766 1502 800 1565 in
824 1501 970 1582 Lazaro,
995 1517 1085 1565 unus
1108 1500 1144 1565 111
1166 1500 1330 1582 losepho‚
1355 1519 1441 1581 quae

193 1617 327 1682 fabulae
351 1617 501 1698 singulos
524 1618 645 1682 choros
661 1618 790 1682 habent
805 1634 849 1682 ex
867 1616 1042 1697 sapphicis
1058 1616 1208 1697 strophis
1224 1618 1441 1698 compositos.

193 1734 318 1799 Adami
348 1734 440 1799 chori
471 1751 591 1799 omnes
623 1735 843 1816 anapaestico
870 1737 982 1799 metro
1006 1734 1123 1815 scripti
1147 1736 1239 1799 sunt.
1286 1734 1443 1799 insertus

194 1855 248 1914 est
270 1855 450 1931 praeterea
473 1851 600 1915 Lazaro
616 1851 767 1933 hymnus
783 1850 928 1915 dimetro
942 1850 1103 1931 iambico,
1120 1850 1255 1914 Adamo
1271 1851 1443 1915 canticum

194 1964 318 2030 Mariae
358 1966 478 2031 eodem
513 1972 641 2048 metro,
677 1966 904 2049 Hypomonae
939 1983 988 2047 ps.
1021 1967 1069 2031 ,88
1103 1969 1215 2030 metro
1250 1966 1441 2048 glyconico,

194 2079 386 2145 Rebellibus
421 2082 571 2163 hymnus
605 2081 797 2163 sapphicus.
844 2081 896 2145 lix
931 2081 984 2145 his
1015 2080 1172 2145 omnihus
1204 2080 1269 2145 tria
1292 2082 1443 2145 carmina

195 2197 377 2277 adiungam
408 2198 550 2277 utquid
578 2197 811 2279 Macropedius
834 2198 867 2262 in
892 2197 955 2261 hoc
979 2214 1102 2277 genere
1126 2199 1281 2277 praestet
1304 2197 1443 2261 iudicari

195 2312 312 2393 possit.
351 2314 403 2377 Ac
427 2314 574 2394 primurn
597 2313 733 2393 quidem
750 2313 903 2378 adscribo
920 2312 1059 2377 chorum
1077 2328 1143 2392 quo
1159 2311 1327 2376 clauditur
1344 2315 1443 2377 actus

196 2428 325 2508 primus
348 2427 499 2509 losephi,
524 2429 612 2507 quod
637 2446 774 2493 carmen
798 2428 949 2492 nonnihil
973 2445 1017 2492 611
1041 2428 1159 2508 grandi
1184 2426 1308 2492 Sacrae
1333 2427 1443 2508 Scrip

196 2547 294 2607 turae
318 2544 532 2625 simplicitate
557 2561 716 2608 servasse
741 2544 821 2608 mihi
846 2544 981 2623 quidem
1008 2543 1152 2608 videtur.

1089 2683 1168 2772 (los.
1193 2684 1397 2772 aot-332).

484 2914 601 2968 Turbidi
623 2913 734 2982 plastes
753 2913 832 2968 Deus
851 2929 932 2968 unus
951 2913 1030 2968 orbis

482 3010 619 3065 Condidit
638 3010 733 3065 lucem
754 3010 885 3064 tenebris
903 3009 1029 3079 fugatis,

484 3108 547 3163 Has
565 3107 669 3162 volens
688 3108 805 3162 noctem
826 3107 965 3176 vocitari,
983 3107 1016 3161 et
1034 3106 1116 3161 illam

627 3205 698 3259 Esse
716 3205 864 3259 diurnam.

386 3380 446 3435 310.
484 3380 568 3435 Inter
586 3379 695 3434 effusas
714 3377 805 3434 simul
825 3378 904 3433 orbis
923 3379 1019 3433 undas

483 3482 620 3537 Condidit
638 3480 753 3536 coelum
773 3481 806 3536 ut
827 3486 957 3556 στέριωμα
977 3481 1114 3549 firmum,

484 3585 553 3639 Sive
572 3584 732 3639 discrimen
751 3583 816 3637 sine
836 3583 984 3637 mixtione

627 3682 714 3735 Esset
733 3681 877 3748 utrisque.

484 3858 630 3924 Colligens
650 3857 745 3910 undas
764 3855 861 3910 locum
881 3856 913 3909 in
934 3868 1027 3908 unum
1047 3853 1083 3907 ab
1102 3853 1163 3907 imo

387 3957 447 4010 315.
485 3955 609 4010 Aridam
629 3954 719 4009 iussit
738 3966 893 4022 superare,
914 3953 948 4006 ut
968 3950 1075 4006 herhas

485 4052 639 4107 Germinet
657 4050 832 4118 fructusque
853 4049 966 4103 homiui
987 4048 1112 4103 creando
1131 4049 1163 4102 ot

628 4148 716 4204 Omni
735 4147 892 4203 animanti.

486 4326 561 4381 Solis
580 4329 611 4379 ct
631 4324 718 4379 lunae
736 4323 844 4379 rutilas
863 4322 999 4377 lucernas

486 4425 583 4486 Fecit,
604 4425 638 4478 ut
657 4422 793 4477 Phoebus
814 4421 911 4475 niteat
929 4421 1002 4489 diei,
1116 4418 1120 4428 '

388 4523 448 4579 320.
486 4523 587 4588 Atque
606 4535 674 4575 oum
694 4518 790 4574 stellis
809 4532 885 4585 vaga
904 4516 975 4571 luna
994 4516 1073 4571 nocti

612 4618 720 4672 Luceat
738 4617 829 4670 atrae.
982 4610 984 4615 ’
