3270 5310
727 384 768 447 13

122 573 307 640 scripserunt
333 571 417 628 Bolte
442 573 475 628 in
500 574 736 644 introductione,
762 575 887 631 Herford
911 591 958 645 pg.
980 577 1045 647 155,
1067 577 1370 648 156,spenglerl.l.

124 669 273 725 lot-109.

157 792 271 847 Aluta
290 793 518 861 Macropedii
538 794 680 851 Fabula
699 796 897 851 admodum
917 797 1081 852 iucunda
1100 799 1137 853 et
1156 797 1290 866 lepida.

620 918 851 987 Argumentum.

388 1039 534 1097 Heinonis
553 1056 629 1097 uxor
648 1041 739 1097 Aluta
758 1043 863 1098 vendit
880 1044 913 1097 in
932 1042 995 1098 foro

388 1138 493 1194 Altilia
511 1153 629 1194 scurrae
648 1140 760 1195 credita
779 1140 917 1209 pecunia,

387 1236 443 1291 Sed
463 1236 578 1305 pignori
598 1235 710 1304 gallum
729 1251 888 1292 reservans
907 1238 1079 1305 proximum

387 1332 526 1400 Ingressa
544 1333 577 1387 in
595 1332 771 1401 oenopolion
790 1334 852 1389 edit
871 1335 902 1388 et
920 1333 1004 1388 bibit.

343 1467 349 1480 .
387 1429 460 1484 Cum
480 1430 602 1484 tandem
622 1429 769 1485 inebriata
788 1431 929 1485 solvendo
950 1431 1029 1486 haud
1048 1430 1139 1501 foret,

386 1526 511 1582 Frustra
530 1528 646 1582 morata
664 1527 796 1582 debitam
816 1528 973 1596 pecuniam

386 1624 511 1692 Regredi
530 1624 653 1679 domum
674 1624 791 1690 privata
809 1624 887 1693 gallo
906 1625 1024 1680 nititur.

386 1721 426 1776 At
445 1735 546 1789 pressa
564 1736 671 1776 somno
690 1724 824 1789 emptore
843 1722 880 1777 ab
899 1723 965 1790 ipso
985 1722 1119 1777 vestibus

385 1819 535 1886 Spoliatur
553 1833 587 1873 ac
605 1819 721 1874 larvata
740 1820 796 1874 reti
816 1819 946 1889 luditur;

306 1913 346 1969 10.
385 1915 516 1971 Tandem
536 1916 633 1971 excita
652 1918 687 1971 ut
705 1916 829 1972 domum
848 1917 937 1972 rediit
954 1918 1111 1972 insaniens

384 2013 439 2067 Per
457 2013 639 2081 sacrificum,
658 2027 747 2069 causa
765 2015 884 2084 agnita,
903 2015 1084 2069 restituitur.

152 2106 231 2162 Haec
250 2108 348 2163 fabula
368 2111 503 2165 omnium
523 2112 571 2166 est
590 2109 766 2166 brevissima
773 2128 780 2180 ;
801 2125 946 2166 numerus
965 2126 1106 2167 versuum
1126 2112 1187 2166 572.
1216 2112 1290 2168 Eam
1304 2128 1365 2168 una

116 2217 184 2256 cum
204 2204 372 2260 Rebellibus
391 2207 484 2262 edidit
502 2207 529 2262 J.
548 2205 647 2274 Bolte,
669 2208 746 2262 1897.

151 2327 357 2386 Petriscus.
401 2330 485 2386 Hanc
517 2331 648 2387 fabulam
680 2332 750 2386 huic
780 2331 920 2399 opusculo
951 2332 1123 2387 adiecimus.
1159 2332 1202 2386 De
1232 2332 1365 2388 Petrisco

115 2425 298 2493 scripserunt
316 2428 442 2498 Jacoby,
462 2443 558 2497 progr.
580 2442 626 2496 pg.
645 2430 760 2484 24-26.
787 2427 929 2497 SpengIer
948 2428 966 2482 l.
984 2428 1004 2483 1.
1024 2443 1090 2497 pag.
1111 2429 1259 2485 109-113,

151 2550 351 2620 Andrisco,
371 2551 521 2620 Georgii
542 2542 772 2621 Macropedii
793 2552 921 2608 fabula
941 2553 1191 2621 lepidissima.

614 2678 845 2745 Argumentum.

345 2798 408 2853 Viri
427 2800 485 2854 duo
504 2800 690 2868 integerrimi
712 2800 887 2855 Bunschotii

344 2896 461 2952 Duxere
481 2899 606 2965 uterque
626 2898 681 2953 sibi
701 2897 839 2952 rebellem
859 2897 1032 2966 coniugem;

343 2993 491 3049 coriarius
509 2993 567 3050 fuit
586 2995 675 3064 alter,
694 2993 771 3049 alter
788 2995 932 3062 agrarius.

343 3089 441 3146 Huius
462 3091 601 3146 tabernae
620 3090 764 3146 Andrisco
785 3091 876 3158 poclis
895 3091 1010 3160 dedita,

280 3190 306 3243 ὃ.
343 3188 428 3243 Illius
447 3190 550 3244 autem
571 3189 666 3243 Porna
685 3188 817 3244 sacrifico
836 3188 1003 3256 obsequens

339 3284 429 3340 Nullo
448 3287 564 3354 queunt
583 3299 674 3340 suasu
692 3287 747 3340 aut
766 3286 858 3340 minis
877 3285 1057 3353 compescier

342 3382 382 3437 Et
400 3383 435 3437 ab
454 3382 625 3437 inhonestis
645 3382 778 3438 moribus
796 3382 939 3438 divellier.

343 3480 404 3547 Qua
424 3481 543 3548 propter
561 3479 611 3535 ille
629 3495 716 3535 suam
736 3480 860 3548 flagellis
880 3479 1040 3535 Pornuiam

341 3578 462 3632 Caesam
482 3578 578 3632 insuit
597 3577 716 3631 salitam
736 3578 845 3645 equino
864 3577 974 3645 tergori

263 3677 304 3730 10.
342 3673 483 3742 Alterqus
502 3675 650 3729 devictam
669 3673 766 3728 duello
785 3674 913 3728 fustium

341 3772 401 3827 Sibi
420 3772 523 3827 subdit
541 3770 716 3826 Andriscam
736 3786 831 3826 suam.
868 3771 918 3826 Fit
937 3773 1063 3839 utraque
1082 3771 1124 3826 sic

341 3870 388 3924 Ad
407 3870 537 3938 optimos
556 3883 655 3924 mores
673 3867 794 3924 reducta
812 3869 964 3936 gaudium.

145 3966 294 4021 Numerus
313 3980 455 4021 versuum
476 3966 555 4022 1213.

145 4089 330 4144 Bassarus
349 4090 477 4158 Georg.
498 4090 602 4145 Macr.
622 4089 751 4145 fabula
770 4090 1042 4145 festivissima.

615 4204 846 4272 Argumentum.

336 4328 443 4382 Custos
461 4327 608 4383 Paraecho
628 4328 817 4395 Praesidique
837 4327 981 4382 Bassarus

339 4424 432 4491 (Quod
451 4424 560 4479 sordidi
580 4426 682 4479 essent
700 4426 732 4479 et
751 4427 870 4480 tenaces
889 4425 1066 4493 plurimum)

339 4522 456 4590 Iepidis
474 4521 551 4577 dolis
569 4536 638 4577 cum
658 4522 788 4577 obsoniis
807 4521 878 4576 vina
896 4521 1023 4576 abstulit

338 4620 375 4674 Et
393 4619 430 4674 ad
449 4619 500 4674 illa
517 4620 630 4674 edenda
649 4633 698 4674 eos
717 4620 836 4674 vocavit
854 4621 985 4688 vesperi,
