3270 5310
303 597 388 661 ltem
412 597 511 694 Aeot.
536 596 619 658 922:

643 736 710 800 Ibe,
729 737 760 790 et
779 736 811 790 in
831 750 944 791 morem
965 736 1165 804 ingemiscens
1184 736 1314 790 turturis

395 834 579 890 contabuere
599 834 742 888 miserum
764 833 900 888 omnium
921 834 1123 897 miserrimum
1141 834 1233 888 donec
1253 847 1363 901 vagum

395 931 580 1001 Postrema,
599 934 709 1000 scorta,
729 931 867 987 libidines
887 933 923 985 ad
942 931 1067 986 aarum
1087 931 1227 985 tramitem

395 1031 558 1085 Reduxero.

301 1154 416 1219 lecese
440 1153 532 1218 idem
556 1151 759 1217 vocabulum
783 1152 971 1217 adhibetur.
1018 1151 1100 1217 Reb.
1126 1152 1208 1216 691:

679 1291 807 1347 coneilio
825 1293 857 1347 et
876 1292 991 1347 artibus
1010 1293 1086 1347 meis

680 1390 787 1445 Abiere
807 1390 882 1444 laeua
904 1390 1015 1445 tramite

681 1488 735 1542 Per
754 1488 885 1553 compita
903 1488 993 1555 atque
1012 1489 1104 1543 devia.

299 1614 388 1677 Item
412 1612 519 1677 Andr.
544 1613 626 1676 662:

605 1752 695 1819 Aperi
715 1752 841 1807 ostium!
863 1751 950 1807 heuel
972 1754 1046 1808 haue
1066 1755 1155 1808 uxor!
1177 1754 1233 1808 hue

468 1850 595 1906 Greesue
614 1851 714 1903 move!
735 1848 807 1916 Quid
827 1850 914 1916 agie?
934 1851 1027 1905 Ades!
1048 1849 1154 1906 Nullus
1173 1850 1277 1919 aperit.

467 1947 541 2015 Quid
560 1947 753 2016 suspicabor?
792 1950 840 2002 An
860 1962 897 2002 ne
918 1947 992 2002 luero
1012 1948 1122 2002 tramite

468 2046 504 2100 In
523 2045 709 2113 oenopolium
730 2046 884 2114 regressa?

300 2169 391 2234 Puer
416 2172 563 2233 matrem
585 2168 738 2233 irridens.
785 2169 866 2233 Reb.
895 2171 974 2233 170:

503 2312 559 2366 Sed
579 2311 713 2380 obsecre,
733 2311 803 2378 quid
823 2325 872 2366 me
891 2312 996 2366 avocat
1016 2325 1082 2365 mee
1099 2310 1244 2379 yeroetrix?

302 2435 409 2500 Alata
425 2435 548 2515 gallum
566 2436 622 2515 qui
639 2435 768 2516 pignori
785 2437 918 2516 capitur
933 2435 1043 2500 trietie
1056 2434 1104 2535 sie
1116 2435 1306 2516 alloquitur.
1330 2434 1394 2513 (Al.
1408 2436 1500 2511 33l):

486 2576 508 2630 Ο
529 2576 657 2644 Pervigil
675 2577 778 2632 austes
795 2577 918 2646 domne,
938 2577 1030 2632 sicine
1052 2577 1164 2645 migras

486 2673 604 2728 (lortem
627 2673 659 2727 in
679 2673 829 2729 alienam?
866 2675 918 2728 Ibo
937 2675 969 2729 et
987 2688 1093 2741 querar
1112 2675 1175 2730 vira
1195 2688 1269 2730 meo,

303 2797 359 2861 Sia
384 2813 444 2876 pro
467 2796 515 2859 ire
537 2796 685 2877 aradum
706 2797 838 2876 stertere.
886 2796 984 2861 Base.
1010 2798 1092 2860 674:

642 2938 687 2992 Ad
708 2939 862 2993 dexteram
882 2937 980 3006 flectite
998 2939 1121 3007 aradum

304 3061 379 3126 Laz.
408 3060 509 3125 1230:

516 3175 615 3243 Crepit
634 3177 761 3245 ostium,
781 3176 888 3244 desuem
906 3191 1032 3245 yreeeum
1050 3177 1083 3231 in
1102 3176 1242 3232 viculum.

303 3298 377 3364 Hoc
409 3299 509 3363 modo
540 3301 577 3363 et
603 3299 675 3363 aliis
698 3300 779 3364 loeis
803 3301 902 3381 paulo
925 3300 1137 3366 sublimiores
1160 3300 1347 3367 locutiones
1370 3300 1502 3366 iocandi

251 3430 362 3479 eausa
385 3415 516 3495 vulgari
539 3415 688 3480 sermoni
711 3416 955 3481 immiscentur.

775 3661 983 3671 ..—

734 3868 943 3934 CAPUT
984 3869 1025 3936 V.

251 4061 320 4138 Ab
347 4063 620 4159 antiquorum
649 4081 854 4141 sermone
880 4066 1169 4162 discrepantia
1192 4067 1237 4142 et
1259 4066 1501 4163 peculiaria

304 4269 536 4351 Maeropediue
566 4286 773 4360 quamquam
805 4288 865 4351 pro
896 4271 1031 4336 saeculo
1063 4289 1125 4336 suo
1155 4273 1242 4336 eatis
1273 4289 1356 4354 pure
1381 4273 1501 4339 Latine

251 4385 374 4451 scribit
404 4388 441 4448 et
469 4385 504 4449 in
528 4384 696 4467 plerisque
720 4390 879 4451 veterum
902 4386 1183 4452 consuetudinem
1207 4389 1362 4469 sequitur
1385 4393 1501 4455 tamen

256 4500 292 4566 in
322 4500 493 4566 nonnullis
523 4501 565 4565 ab
596 4501 638 4565 iie
669 4500 813 4566 discedit
841 4519 951 4583 neque
975 4504 1111 4569 omnino
1134 4506 1216 4570 liber
1239 4509 1293 4571 est
1317 4523 1338 4570 a
1361 4523 1502 4571 suorum

253 4619 451 4700 temporum
473 4617 629 4683 sordibus
653 4619 690 4682 et
712 4618 817 4683 nimia
834 4619 867 4684 in
882 4619 1061 4685 scribendo
1076 4621 1211 4687 lieentia
1226 4626 1264 4686 et
1278 4622 1500 4703 neglegentia.

79 4698 237 4992 x
