3270 5310
779 428 838 491 191

335 623 405 687 Lm.
430 622 483 686 Me
507 621 679 702 praesidi?
704 637 758 684 me
783 624 919 701 praetor
941 621 976 685 in
999 637 1098 685 cruce
1123 621 1267 701 puniat?

334 738 415 803 Mus.
442 738 488 802 Te
511 736 666 818 praesidi.
691 737 761 801 Lm.
784 735 868 815 Quid
886 737 1177 802 commorantem?
1202 734 1285 802 Gau.
1303 737 1434 801 Adeste

1309 871 1389 935 voc,

337 970 482 1049 Propter
505 970 553 1033 rei
576 968 784 1034 domesticae
809 968 902 1033 furta
926 972 963 1033 et
986 969 1050 1033 alia

192 1086 288 1151 libb.
336 1085 485 1150 Crimina
507 1085 691 1149 scelestum
715 1085 805 1149 hunc
829 1085 947 1164 rapite.
972 1085 1050 1149 Loa.
1078 1084 1232 1164 Quonam
1255 1085 1435 1150 ducimus?

336 1201 419 1266 Gau.
446 1200 500 1264 Ad
526 1199 740 1281 Praesidem‚
766 1217 832 1279 quo
856 1199 999 1265 Praetor
1022 1201 1133 1282 ipsum
1158 1202 1333 1265 examinet

336 1317 517 1397 Tantisper
540 1317 575 1380 in
599 1333 661 1380 suo
685 1316 844 1396 equuleo,
870 1316 952 1380 dum
976 1316 1101 1381 dixerit

336 1431 511 1512 Quantum
535 1431 694 1507 abstulit,
720 1447 786 1511 quo
810 1433 916 1512 gessit
939 1434 975 1496 et
998 1449 1101 1512 quam
1123 1432 1288 1497 crebriter

336 1547 504 1612 Patravit.
553 1548 632 1612 Loa.
659 1546 754 1629 Heu,
780 1564 834 1611 me
858 1547 1062 1611 innoxium?
1110 1546 1192 1612 Gau.
1219 1546 1375 1612 Huncin

1186 1664 1325 1727 noxium

193 1780 288 1843 1160.
336 1778 466 1842 iniicite
489 1794 552 1842 vos
576 1794 708 1843 manus.
756 1778 835 1843 Loa.
863 1777 1033 1842 Renitaris
1056 1777 1152 1860 iicet,

335 1893 519 1959 Nobiscum
542 1894 649 1958 adibis
673 1894 878 1958 Praesidem.
926 1893 1009 1958 Gra.
1035 1893 1220 1958 Sublimem
1244 1911 1322 1958 eum

335 2009 475 2090 Rapite;
500 2009 578 2089 quid
603 2010 688 2074 estis
711 2000 847 2090 frigidi?
894 2009 973 2073 Lou.
998 2009 1068 2073 Nos
1092 2009 1227 2090 frigidi?

337 2123 421 2204 Quid
445 2142 536 2190 nunc
560 2125 742 2191 videmur?
791 2125 873 2189 Gau.
898 2125 1072 2207 Acriorcs3
1098 2124 1226 2204 tollite;

336 2241 405 2321 Ego
429 2258 492 2306 vos
516 2227 648 2321 sequar.
697 2243 766 2306 Lm,
792 2241 955 2306 Vestram
978 2240 1099 2320 fidem,
1124 2241 1217 2305 cives
1240 2241 1317 2305 boui

194 2358 289 2422 1165.
338 2356 500 2421 Vestram
525 2356 645 2432 fidem,
671 2357 875 2433 succurrite,
901 2357 984 2421 haec
1007 2356 1080 2420 fero
1103 2357 1282 2421 innocens!

336 2470 420 2537 Gau.
448 2475 476 2536 A
504 2472 664 2539 Gnorimo
687 2473 796 2553 crepit
820 2472 963 2550 ostium;
989 2471 1146 2536 morabor
1169 2472 1268 2538 hunc.

336 2588 385 2652 Tu
410 2588 497 2653 vade
521 2589 684 2669 coniunx;
709 2588 838 2653 redime
862 2588 950 2668 quod
975 2604 1113 2652 necesse
1138 2588 1212 2654 erit.

662 2784 703 2789 ...
710 2777 970 2793 -----—-

403 2973 538 3052 Actus
576 2974 763 3070 quintus,
845 2972 1009 3052 Scaena
1048 2976 1214 3070 quarta.

711 3183 915 3190 ,--.-.

500 3312 686 3377 ducamus,
736 3311 904 3377 (imarus
952 3311 1130 3377 Rusmous,

336 3504 386 3570 Ut
408 3505 538 3569 habent
561 3505 715 3586 negotia,
742 3505 788 3568 mi
814 3505 968 3570 Galene?
1017 3506 1098 3570 Gau.
1128 3505 1289 3570 Pessime.

338 3620 446 3686 Guoa.
471 3620 640 3701 Agitume
665 3637 727 3685 rex
751 3621 871 3685 uxoria
895 3620 953 3684 tibi
979 3621 1117 3685 denuo?

194 3737 289 3802 1170.
339 3735 421 3801 Gau.
448 3735 475 3800 O
500 3735 680 3820 Gnorime,
705 3753 806 3801 omne
829 3735 998 3816 peculium
1022 3735 1104 3799 mihi
1128 3735 1294 3810 famulus,

337 3850 446 3931 Quom
469 3851 597 3916 credidi
620 3867 759 3932 prorsus
782 3850 934 3933 fidelem,
959 3851 1113 3931 dissipat.

336 3967 410 4031 Iam
434 3969 570 4047 praeter
594 3967 674 4044 alia,
699 3967 814 4032 nescio
838 3970 875 4031 et
898 3969 982 4046 quot
1006 3983 1127 4031 aureos

337 4081 442 4146 Furto
467 4081 622 4147 abstulit.
674 4082 781 4149 Guoa.
808 4081 892 4161 Quid
916 4082 968 4146 ais
991 4081 1101 4145 mihi?
1149 4080 1232 4146 dxx.
1258 4080 1363 4146 Furto

1148 4196 1301 4261 abstulit.

339 4312 445 4378 Guoa.
471 4313 657 4394 Liturgus?
703 4312 786 4377 Gra.
812 4313 919 4393 Ipsus.
966 4310 1072 4378 Guoa.
1099 4312 1307 4392 Neutiquam

1028 4444 1258 4510 speraveram.

195 4543 290 4607 1175.
338 4542 421 4608 Gar.
447 4543 575 4609 Videor
597 4545 679 4608 mihi
704 4547 855 4610 omnium
879 4545 976 4610 facile
1004 4544 1224 4609 miserrimus.

339 4658 435 4724 Uxor
459 4676 603 4743 procax,
628 4664 754 4741 gnatus
777 4678 884 4741 rapax
926 4661 1026 4726 furax
1051 4676 1143 4742 puer.
