<?xml version="1.0" encoding="UTF-8"?>
<!DOCTYPE html PUBLIC "-//W3C//DTD XHTML 1.0 Transitional//EN"
    "http://www.w3.org/TR/xhtml1/DTD/xhtml1-transitional.dtd">
<html xmlns="http://www.w3.org/1999/xhtml" xml:lang="en" lang="en">
 <head>
  <title>
</title>
<meta http-equiv="Content-Type" content="text/html;charset=utf-8" />
  <meta name='ocr-system' content='tesseract 3.04.00' />
  <meta name='ocr-capabilities' content='ocr_page ocr_carea ocr_par ocr_line ocrx_word'/>
</head>
<body>
  <div class='ocr_page' id='page_1' title='image "./dedictionegeorg00macrgoog_0109.png"; bbox 0 0 3270 5310; ppageno 0'>
   <div class='ocr_carea' id='block_1_1' title="bbox 78 4688 235 4949">
    <p class='ocr_par' dir='ltr' id='par_1_1' title="bbox 78 4688 213 4895">
     <span class='ocr_line' id='line_1_1' title="bbox 78 4688 86 4699; baseline 0 -6"><span class='ocrx_word' id='word_1_1' title='bbox 78 4688 86 4699; x_wconf 46' lang='grc' dir='ltr'><strong>Ἰ</strong></span> 
     </span>
     <span class='ocr_line' id='line_1_2' title="bbox 184 4828 211 4869; baseline 0 -36"><span class='ocrx_word' id='word_1_2' title='bbox 184 4828 211 4869; x_wconf 48' lang='grc' dir='ltr'>,ῃ</span> 
     </span>
     <span class='ocr_line' id='line_1_3' title="bbox 197 4878 213 4895; baseline 0 -10"><span class='ocrx_word' id='word_1_3' title='bbox 197 4878 213 4895; x_wconf 52' lang='lat' dir='ltr'>ff</span> 
     </span>
    </p>

    <p class='ocr_par' dir='ltr' id='par_1_2' title="bbox 224 4920 235 4949">
     <span class='ocr_line' id='line_1_4' title="bbox 224 4920 235 4949; baseline -0.182 0"><span class='ocrx_word' id='word_1_4' title='bbox 224 4920 235 4949; x_wconf 75' lang='lat' dir='ltr'>i.</span> 
     </span>
    </p>
   </div>
   <div class='ocr_carea' id='block_1_2' title="bbox 845 395 889 459">
    <p class='ocr_par' dir='ltr' id='par_1_3' title="bbox 845 395 889 459">
     <span class='ocr_line' id='line_1_5' title="bbox 845 395 889 459; baseline -0.023 0"><span class='ocrx_word' id='word_1_5' title='bbox 845 395 889 459; x_wconf 88' lang='grc'>90</span> 
     </span>
    </p>
   </div>
   <div class='ocr_carea' id='block_1_3' title="bbox 283 587 801 786">
    <p class='ocr_par' dir='ltr' id='par_1_4' title="bbox 283 587 801 786">
     <span class='ocr_line' id='line_1_6' title="bbox 283 587 801 670; baseline -0.004 -15"><span class='ocrx_word' id='word_1_6' title='bbox 283 595 394 670; x_wconf 80' lang='lat' dir='ltr'>parere</span> <span class='ocrx_word' id='word_1_7' title='bbox 418 589 569 653; x_wconf 86' lang='lat' dir='ltr'>ostentui</span> <span class='ocrx_word' id='word_1_8' title='bbox 594 587 699 652; x_wconf 83' lang='lat' dir='ltr'><strong>Andr.</strong></span> <span class='ocrx_word' id='word_1_9' title='bbox 726 588 801 653; x_wconf 80' lang='lat'>560.</span> 
     </span>
     <span class='ocr_line' id='line_1_7' title="bbox 284 704 569 786; baseline 0 -17"><span class='ocrx_word' id='word_1_10' title='bbox 284 706 420 786; x_wconf 72' lang='lat' dir='ltr'>peropus</span> <span class='ocrx_word' id='word_1_11' title='bbox 441 704 569 784; x_wconf 70' lang='lat' dir='ltr'>perculi.</span> 
     </span>
    </p>
   </div>
   <div class='ocr_carea' id='block_1_4' title="bbox 375 861 1351 1123">
    <p class='ocr_par' dir='ltr' id='par_1_5' title="bbox 375 861 1351 1123">
     <span class='ocr_line' id='line_1_8' title="bbox 375 861 1035 929; baseline -0.003 -13"><span class='ocrx_word' id='word_1_12' title='bbox 375 863 459 916; x_wconf 83' lang='lat' dir='ltr'>Asot.</span> <span class='ocrx_word' id='word_1_13' title='bbox 482 862 551 915; x_wconf 78' lang='lat'>1545</span> <span class='ocrx_word' id='word_1_14' title='bbox 570 862 671 928; x_wconf 91' lang='lat' dir='ltr'>(deum</span> <span class='ocrx_word' id='word_1_15' title='bbox 691 862 842 917; x_wconf 89' lang='lat' dir='ltr'>marinum</span> <span class='ocrx_word' id='word_1_16' title='bbox 863 861 1035 929; x_wconf 84' lang='lat' dir='ltr'>alloquitur)</span> 
     </span>
     <span class='ocr_line' id='line_1_9' title="bbox 377 957 1351 1028; baseline -0.002 -15"><span class='ocrx_word' id='word_1_17' title='bbox 377 959 494 1028; x_wconf 85' lang='lat' dir='ltr'>Merito,</span> <span class='ocrx_word' id='word_1_18' title='bbox 513 973 530 1012; x_wconf 97' lang='lat' dir='ltr'>o</span> <span class='ocrx_word' id='word_1_19' title='bbox 550 958 724 1028; x_wconf 78' lang='lat' dir='ltr'>Palaemon,</span> <span class='ocrx_word' id='word_1_20' title='bbox 743 958 893 1012; x_wconf 83' lang='lat' dir='ltr'>cantharis</span> <span class='ocrx_word' id='word_1_21' title='bbox 912 960 943 1012; x_wconf 93' lang='lat' dir='ltr'>et</span> <span class='ocrx_word' id='word_1_22' title='bbox 961 957 1095 1013; x_wconf 82' lang='lat' dir='ltr'>lancibus</span> <span class='ocrx_word' id='word_1_23' title='bbox 1115 957 1169 1012; x_wconf 88' lang='lat' dir='ltr'>iibi</span> <span class='ocrx_word' id='word_1_24' title='bbox 1189 957 1351 1012; x_wconf 86' lang='lat' dir='ltr'>sacrificem</span> 
     </span>
     <span class='ocr_line' id='line_1_10' title="bbox 375 1054 1279 1123; baseline -0.003 -13"><span class='ocrx_word' id='word_1_25' title='bbox 375 1056 428 1123; x_wconf 78' lang='lat' dir='ltr'>Qui</span> <span class='ocrx_word' id='word_1_26' title='bbox 447 1055 547 1123; x_wconf 84' lang='lat' dir='ltr'>gaudii</span> <span class='ocrx_word' id='word_1_27' title='bbox 566 1056 674 1123; x_wconf 81' lang='lat' dir='ltr'>ingens</span> <span class='ocrx_word' id='word_1_28' title='bbox 694 1056 815 1123; x_wconf 85' lang='lat' dir='ltr'>pelagus</span> <span class='ocrx_word' id='word_1_29' title='bbox 835 1056 889 1110; x_wconf 91' lang='lat' dir='ltr'>hoc</span> <span class='ocrx_word' id='word_1_30' title='bbox 910 1068 969 1109; x_wconf 91' lang='lat' dir='ltr'>uno</span> <span class='ocrx_word' id='word_1_31' title='bbox 987 1054 1035 1109; x_wconf 86' lang='lat' dir='ltr'>die</span> <span class='ocrx_word' id='word_1_32' title='bbox 1054 1055 1096 1109; x_wconf 90' lang='lat' dir='ltr'>mi</span> <span class='ocrx_word' id='word_1_33' title='bbox 1115 1055 1279 1109; x_wconf 78' lang='lat' dir='ltr'>adveneris.</span> 
     </span>
    </p>
   </div>
   <div class='ocr_carea' id='block_1_5' title="bbox 281 1198 1493 2863">
    <p class='ocr_par' dir='ltr' id='par_1_6' title="bbox 281 1198 1493 2863">
     <span class='ocr_line' id='line_1_11' title="bbox 288 1198 635 1278; baseline 0.009 -18"><span class='ocrx_word' id='word_1_34' title='bbox 288 1198 465 1278; x_wconf 41' lang='lat' dir='ltr'>*penitius</span> <span class='ocrx_word' id='word_1_35' title='bbox 489 1213 635 1278; x_wconf 88' lang='lat' dir='ltr'>compar.</span> 
     </span>
     <span class='ocr_line' id='line_1_12' title="bbox 433 1355 1300 1424; baseline 0 -15"><span class='ocrx_word' id='word_1_36' title='bbox 433 1356 489 1409; x_wconf 85' lang='lat' dir='ltr'>Ioe.</span> <span class='ocrx_word' id='word_1_37' title='bbox 508 1355 562 1410; x_wconf 83' lang='lat'>990</span> <span class='ocrx_word' id='word_1_38' title='bbox 581 1355 733 1423; x_wconf 86' lang='lat' dir='ltr'>Expendie</span> <span class='ocrx_word' id='word_1_39' title='bbox 752 1356 824 1410; x_wconf 85' lang='lat' dir='ltr'>haec</span> <span class='ocrx_word' id='word_1_40' title='bbox 842 1356 975 1424; x_wconf 78' lang='lat' dir='ltr'>penitius</span> <span class='ocrx_word' id='word_1_41' title='bbox 993 1357 1084 1424; x_wconf 88' lang='lat' dir='ltr'>atque</span> <span class='ocrx_word' id='word_1_42' title='bbox 1102 1369 1156 1423; x_wconf 82' lang='lat' dir='ltr'>ego</span> <span class='ocrx_word' id='word_1_43' title='bbox 1175 1356 1300 1410; x_wconf 87' lang='lat' dir='ltr'>somnia.</span> 
     </span>
     <span class='ocr_line' id='line_1_13' title="bbox 282 1498 566 1577; baseline 0.004 -17"><span class='ocrx_word' id='word_1_44' title='bbox 282 1498 453 1577; x_wconf 81' lang='lat' dir='ltr'>piaculum</span> <span class='ocrx_word' id='word_1_45' title='bbox 475 1513 566 1577; x_wconf 80' lang='lat' dir='ltr'>pase.</span> 
     </span>
     <span class='ocr_line' id='line_1_14' title="bbox 546 1654 1188 1722; baseline 0.002 -13"><span class='ocrx_word' id='word_1_46' title='bbox 546 1654 592 1709; x_wconf 88' lang='lat' dir='ltr'>Al.</span> <span class='ocrx_word' id='word_1_47' title='bbox 611 1654 646 1708; x_wconf 84' lang='lat'>97</span> <span class='ocrx_word' id='word_1_48' title='bbox 666 1654 748 1709; x_wconf 87' lang='lat' dir='ltr'>Nihil</span> <span class='ocrx_word' id='word_1_49' title='bbox 768 1655 916 1722; x_wconf 81' lang='lat' dir='ltr'>piscatum</span> <span class='ocrx_word' id='word_1_50' title='bbox 935 1655 967 1709; x_wconf 91' lang='lat' dir='ltr'>in</span> <span class='ocrx_word' id='word_1_51' title='bbox 988 1655 1067 1711; x_wconf 88' lang='lat' dir='ltr'>hunc</span> <span class='ocrx_word' id='word_1_52' title='bbox 1085 1655 1188 1710; x_wconf 83' lang='lat' dir='ltr'>diem?</span> 
     </span>
     <span class='ocr_line' id='line_1_15' title="bbox 289 1774 1075 1882; baseline 0.003 -24"><span class='ocrx_word' id='word_1_53' title='bbox 289 1799 311 1842; x_wconf 63' lang='grc' dir='ltr'>Χ</span> <span class='ocrx_word' id='word_1_54' title='bbox 321 1797 484 1882; x_wconf 81' lang='lat' dir='ltr'>peritiore.</span> <span class='ocrx_word' id='word_1_55' title='bbox 1073 1774 1075 1778; x_wconf 10' lang='grc' dir='ltr'><em>Α</em></span> 
     </span>
     <span class='ocr_line' id='line_1_16' title="bbox 339 1954 1398 2024; baseline -0.004 -14"><span class='ocrx_word' id='word_1_56' title='bbox 339 1956 396 2010; x_wconf 88' lang='lat' dir='ltr'>los.</span> <span class='ocrx_word' id='word_1_57' title='bbox 416 1954 487 2009; x_wconf 79' lang='lat'>1529</span> <span class='ocrx_word' id='word_1_58' title='bbox 506 1955 663 2022; x_wconf 88' lang='lat' dir='ltr'>pocillandi</span> <span class='ocrx_word' id='word_1_59' title='bbox 684 1955 846 2011; x_wconf 85' lang='lat' dir='ltr'>honestum</span> <span class='ocrx_word' id='word_1_60' title='bbox 866 1971 978 2013; x_wconf 88' lang='lat' dir='ltr'>munus</span> <span class='ocrx_word' id='word_1_61' title='bbox 997 1955 1163 2024; x_wconf 79' lang='lat' dir='ltr'>(pocillator</span> <span class='ocrx_word' id='word_1_62' title='bbox 1181 1956 1259 2022; x_wconf 89' lang='lat' dir='ltr'>apud</span> <span class='ocrx_word' id='word_1_63' title='bbox 1278 1954 1398 2023; x_wconf 74' lang='lat' dir='ltr'>Appun.</span> 
     </span>
     <span class='ocr_line' id='line_1_17' title="bbox 283 2095 1322 2184; baseline 0.001 -25"><span class='ocrx_word' id='word_1_64' title='bbox 283 2098 478 2177; x_wconf 78' lang='lat' dir='ltr'>primariae</span> <span class='ocrx_word' id='word_1_65' title='bbox 502 2125 543 2152; x_wconf 84' lang='lat'>--</span> <span class='ocrx_word' id='word_1_66' title='bbox 568 2096 677 2177; x_wconf 82' lang='lat' dir='ltr'>prior,</span> <span class='ocrx_word' id='word_1_67' title='bbox 701 2098 864 2179; x_wconf 82' lang='lat' dir='ltr'>pristinus</span> <span class='ocrx_word' id='word_1_68' title='bbox 889 2096 1138 2184; x_wconf 83' lang='lat' dir='ltr'>(theologorum</span> <span class='ocrx_word' id='word_1_69' title='bbox 1161 2095 1322 2182; x_wconf 88' lang='lat' dir='ltr'>videtur).</span> 
     </span>
     <span class='ocr_line' id='line_1_18' title="bbox 281 2246 1493 2315; baseline -0.002 -15"><span class='ocrx_word' id='word_1_70' title='bbox 281 2248 365 2302; x_wconf 83' lang='lat' dir='ltr'>Asot.</span> <span class='ocrx_word' id='word_1_71' title='bbox 386 2246 455 2302; x_wconf 84' lang='lat'>1678</span> <span class='ocrx_word' id='word_1_72' title='bbox 474 2247 517 2302; x_wconf 94' lang='lat' dir='ltr'>Ut</span> <span class='ocrx_word' id='word_1_73' title='bbox 537 2247 699 2315; x_wconf 87' lang='lat' dir='ltr'>pristinum</span> <span class='ocrx_word' id='word_1_74' title='bbox 712 2249 802 2302; x_wconf 84' lang='lat' dir='ltr'>tuum</span> <span class='ocrx_word' id='word_1_75' title='bbox 815 2246 947 2302; x_wconf 84' lang='lat' dir='ltr'>favorem</span> <span class='ocrx_word' id='word_1_76' title='bbox 961 2249 992 2302; x_wconf 93' lang='lat' dir='ltr'>et</span> <span class='ocrx_word' id='word_1_77' title='bbox 1004 2247 1132 2315; x_wconf 81' lang='lat' dir='ltr'>gratiam</span> <span class='ocrx_word' id='word_1_78' title='bbox 1147 2246 1320 2313; x_wconf 90' lang='lat' dir='ltr'>primariam</span> <span class='ocrx_word' id='word_1_79' title='bbox 1333 2246 1493 2300; x_wconf 87' lang='lat' dir='ltr'>mereatur.</span> 
     </span>
     <span class='ocr_line' id='line_1_19' title="bbox 290 2391 536 2470; baseline 0.008 -18"><span class='ocrx_word' id='word_1_80' title='bbox 290 2391 536 2470; x_wconf 52' lang='lat' dir='ltr'>xproperrime.</span> 
     </span>
     <span class='ocr_line' id='line_1_20' title="bbox 565 2530 1168 2599; baseline -0.002 -15"><span class='ocrx_word' id='word_1_81' title='bbox 565 2531 650 2584; x_wconf 82' lang='lat' dir='ltr'>Asot.</span> <span class='ocrx_word' id='word_1_82' title='bbox 670 2530 722 2585; x_wconf 80' lang='lat'>289</span> <span class='ocrx_word' id='word_1_83' title='bbox 742 2531 867 2598; x_wconf 90' lang='lat' dir='ltr'>Propere</span> <span class='ocrx_word' id='word_1_84' title='bbox 885 2531 957 2585; x_wconf 87' lang='lat' dir='ltr'>redi.</span> <span class='ocrx_word' id='word_1_85' title='bbox 976 2531 1168 2599; x_wconf 88' lang='lat' dir='ltr'>Properrime.</span> 
     </span>
     <span class='ocr_line' id='line_1_21' title="bbox 292 2651 520 2732; baseline 0.009 -16"><span class='ocrx_word' id='word_1_86' title='bbox 292 2651 520 2732; x_wconf 72' lang='lat' dir='ltr'>&gt;&lt;prrcctefecito.</span> 
     </span>
     <span class='ocr_line' id='line_1_22' title="bbox 447 2793 1290 2863; baseline -0.001 -16"><span class='ocrx_word' id='word_1_87' title='bbox 447 2793 522 2847; x_wconf 83' lang='lat' dir='ltr'>Bass</span> <span class='ocrx_word' id='word_1_88' title='bbox 539 2793 592 2848; x_wconf 82' lang='grc'>339</span> <span class='ocrx_word' id='word_1_89' title='bbox 611 2794 654 2848; x_wconf 91' lang='lat' dir='ltr'>Ne</span> <span class='ocrx_word' id='word_1_90' title='bbox 673 2810 731 2862; x_wconf 86' lang='lat' dir='ltr'>qua</span> <span class='ocrx_word' id='word_1_91' title='bbox 749 2796 863 2851; x_wconf 87' lang='lat' dir='ltr'>accidat</span> <span class='ocrx_word' id='word_1_92' title='bbox 881 2795 965 2850; x_wconf 85' lang='lat' dir='ltr'>vebis</span> <span class='ocrx_word' id='word_1_93' title='bbox 985 2796 1097 2850; x_wconf 90' lang='lat' dir='ltr'>mihive</span> <span class='ocrx_word' id='word_1_94' title='bbox 1117 2793 1290 2863; x_wconf 83' lang='lat' dir='ltr'>pudefactio.</span> 
     </span>
    </p>
   </div>
   <div class='ocr_carea' id='block_1_6' title="bbox 285 2916 878 3000">
    <p class='ocr_par' dir='ltr' id='par_1_7' title="bbox 285 2916 878 3000">
     <span class='ocr_line' id='line_1_23' title="bbox 285 2916 878 3000; baseline 0.013 -23"><span class='ocrx_word' id='word_1_95' title='bbox 285 2917 464 2995; x_wconf 79' lang='lat' dir='ltr'>procerior</span> <span class='ocrx_word' id='word_1_96' title='bbox 489 2946 529 2972; x_wconf 91' lang='lat'><strong><em>=</em></strong></span> <span class='ocrx_word' id='word_1_97' title='bbox 553 2916 688 3000; x_wconf 88' lang='lat' dir='ltr'>ludere,</span> <span class='ocrx_word' id='word_1_98' title='bbox 713 2918 878 2985; x_wconf 84' lang='lat' dir='ltr'>lascivire.</span> 
     </span>
    </p>
   </div>
   <div class='ocr_carea' id='block_1_7' title="bbox 246 3056 1495 3417">
    <p class='ocr_par' dir='ltr' id='par_1_8' title="bbox 246 3056 1495 3417">
     <span class='ocr_line' id='line_1_24' title="bbox 283 3056 1493 3128; baseline 0 -16"><span class='ocrx_word' id='word_1_99' title='bbox 283 3057 375 3112; x_wconf 81' lang='lat' dir='ltr'>Andr.</span> <span class='ocrx_word' id='word_1_100' title='bbox 394 3058 447 3113; x_wconf 90' lang='grc'>493</span> <span class='ocrx_word' id='word_1_101' title='bbox 466 3056 585 3113; x_wconf 84' lang='lat' dir='ltr'>Garrire</span> <span class='ocrx_word' id='word_1_102' title='bbox 603 3057 676 3112; x_wconf 87' lang='lat' dir='ltr'>dum</span> <span class='ocrx_word' id='word_1_103' title='bbox 696 3057 769 3114; x_wconf 91' lang='lat' dir='ltr'>libet</span> <span class='ocrx_word' id='word_1_104' title='bbox 788 3060 842 3114; x_wconf 89' lang='lat' dir='ltr'>tibi</span> <span class='ocrx_word' id='word_1_105' title='bbox 861 3061 914 3115; x_wconf 86' lang='lat' dir='ltr'>aut</span> <span class='ocrx_word' id='word_1_106' title='bbox 934 3060 1080 3128; x_wconf 87' lang='lat' dir='ltr'>procarier</span> <span class='ocrx_word' id='word_1_107' title='bbox 1092 3060 1217 3115; x_wconf 82' lang='lat' dir='ltr'>Proreus</span> <span class='ocrx_word' id='word_1_108' title='bbox 1230 3061 1289 3116; x_wconf 91' lang='lat' dir='ltr'>mei</span> <span class='ocrx_word' id='word_1_109' title='bbox 1302 3058 1493 3115; x_wconf 82' lang='lat' dir='ltr'>oblivisceris.</span> 
     </span>
     <span class='ocr_line' id='line_1_25' title="bbox 246 3154 1495 3231; baseline 0 -22"><span class='ocrx_word' id='word_1_110' title='bbox 246 3154 385 3222; x_wconf 82' lang='lat' dir='ltr'>(fortasse</span> <span class='ocrx_word' id='word_1_111' title='bbox 410 3155 534 3223; x_wconf 86' lang='lat' dir='ltr'>Macrop.</span> <span class='ocrx_word' id='word_1_112' title='bbox 560 3156 656 3210; x_wconf 89' lang='lat' dir='ltr'>menti</span> <span class='ocrx_word' id='word_1_113' title='bbox 682 3157 858 3231; x_wconf 74' lang='lat' dir='ltr'>obuersatus</span> <span class='ocrx_word' id='word_1_114' title='bbox 878 3158 926 3212; x_wconf 85' lang='lat' dir='ltr'>est</span> <span class='ocrx_word' id='word_1_115' title='bbox 944 3157 1026 3213; x_wconf 80' lang='lat' dir='ltr'>locus</span> <span class='ocrx_word' id='word_1_116' title='bbox 1044 3157 1126 3212; x_wconf 82' lang='lat' dir='ltr'>Festi</span> <span class='ocrx_word' id='word_1_117' title='bbox 1145 3157 1223 3227; x_wconf 85' lang='lat' dir='ltr'>apud</span> <span class='ocrx_word' id='word_1_118' title='bbox 1242 3155 1323 3213; x_wconf 85' lang='lat' dir='ltr'>Paul.</span> <span class='ocrx_word' id='word_1_119' title='bbox 1343 3155 1423 3211; x_wconf 86' lang='lat' dir='ltr'>Diae.</span> <span class='ocrx_word' id='word_1_120' title='bbox 1441 3155 1495 3209; x_wconf 80' lang='lat'>224</span> 
     </span>
     <span class='ocr_line' id='line_1_26' title="bbox 247 3251 1495 3322; baseline -0.002 -16"><span class='ocrx_word' id='word_1_121' title='bbox 247 3252 369 3308; x_wconf 89' lang='lat' dir='ltr'>Procare</span> <span class='ocrx_word' id='word_1_122' title='bbox 397 3251 480 3318; x_wconf 90' lang='lat' dir='ltr'>(olim</span> <span class='ocrx_word' id='word_1_123' title='bbox 507 3251 660 3321; x_wconf 81' lang='lat' dir='ltr'>legebatur</span> <span class='ocrx_word' id='word_1_124' title='bbox 688 3253 813 3320; x_wconf 89' lang='lat' dir='ltr'>precari)</span> <span class='ocrx_word' id='word_1_125' title='bbox 841 3267 960 3321; x_wconf 79' lang='lat' dir='ltr'>poscere</span> <span class='ocrx_word' id='word_1_126' title='bbox 989 3255 1067 3309; x_wconf 86' lang='lat' dir='ltr'>unde</span> <span class='ocrx_word' id='word_1_127' title='bbox 1095 3267 1230 3322; x_wconf 85' lang='lat' dir='ltr'>procaces</span> <span class='ocrx_word' id='word_1_128' title='bbox 1259 3252 1430 3308; x_wconf 86' lang='lat' dir='ltr'>meretrices</span> <span class='ocrx_word' id='word_1_129' title='bbox 1458 3251 1495 3307; x_wconf 87' lang='lat' dir='ltr'>ab</span> 
     </span>
     <span class='ocr_line' id='line_1_27' title="bbox 246 3349 549 3417; baseline -0.007 -14"><span class='ocrx_word' id='word_1_130' title='bbox 246 3350 364 3404; x_wconf 79' lang='lat' dir='ltr'>assidue</span> <span class='ocrx_word' id='word_1_131' title='bbox 383 3349 549 3417; x_wconf 78' lang='lat' dir='ltr'>poscendo).</span> 
     </span>
    </p>
   </div>
   <div class='ocr_carea' id='block_1_8' title="bbox 292 3473 1226 3684">
    <p class='ocr_par' dir='ltr' id='par_1_9' title="bbox 292 3473 1226 3684">
     <span class='ocr_line' id='line_1_28' title="bbox 292 3473 643 3554; baseline 0.011 -18"><span class='ocrx_word' id='word_1_132' title='bbox 292 3473 447 3553; x_wconf 55' lang='lat' dir='ltr'>aptatae</span> <span class='ocrx_word' id='word_1_133' title='bbox 470 3504 512 3528; x_wconf 93' lang='lat'><strong><em>=</em></strong></span> <span class='ocrx_word' id='word_1_134' title='bbox 536 3475 643 3554; x_wconf 86' lang='lat' dir='ltr'>pusio.</span> 
     </span>
     <span class='ocr_line' id='line_1_29' title="bbox 520 3614 1226 3684; baseline -0.004 -15"><span class='ocrx_word' id='word_1_135' title='bbox 520 3614 590 3669; x_wconf 88' lang='lat' dir='ltr'>Reb.</span> <span class='ocrx_word' id='word_1_136' title='bbox 609 3616 644 3670; x_wconf 88' lang='grc'>66</span> <span class='ocrx_word' id='word_1_137' title='bbox 663 3616 793 3669; x_wconf 90' lang='lat' dir='ltr'>Matrum</span> <span class='ocrx_word' id='word_1_138' title='bbox 813 3630 937 3671; x_wconf 83' lang='lat' dir='ltr'>suarum</span> <span class='ocrx_word' id='word_1_139' title='bbox 956 3614 1098 3671; x_wconf 81' lang='lat' dir='ltr'>delicatos</span> <span class='ocrx_word' id='word_1_140' title='bbox 1117 3615 1226 3684; x_wconf 84' lang='lat' dir='ltr'>pusioe.</span> 
     </span>
    </p>
   </div>
   <div class='ocr_carea' id='block_1_9' title="bbox 292 3738 1022 4052">
    <p class='ocr_par' dir='ltr' id='par_1_10' title="bbox 292 3738 1022 4052">
     <span class='ocr_line' id='line_1_30' title="bbox 293 3738 1022 3823; baseline 0.008 -23"><span class='ocrx_word' id='word_1_141' title='bbox 293 3738 511 3818; x_wconf 67' lang='lat' dir='ltr'>&gt;&lt;reyriropua</span> <span class='ocrx_word' id='word_1_142' title='bbox 535 3768 576 3794; x_wconf 91' lang='lat'><strong><em>=</em></strong></span> <span class='ocrx_word' id='word_1_143' title='bbox 600 3738 798 3821; x_wconf 86' lang='lat' dir='ltr'>bustirapue</span> <span class='ocrx_word' id='word_1_144' title='bbox 821 3741 922 3823; x_wconf 79' lang='lat' dir='ltr'>Aeol,</span> <span class='ocrx_word' id='word_1_145' title='bbox 950 3742 1022 3806; x_wconf 88' lang='lat'>148.</span> 
     </span>
     <span class='ocr_line' id='line_1_31' title="bbox 293 3853 764 3933; baseline 0.006 -17"><span class='ocrx_word' id='word_1_146' title='bbox 293 3853 482 3933; x_wconf 78' lang='lat' dir='ltr'>quadratur</span> <span class='ocrx_word' id='word_1_147' title='bbox 505 3854 547 3917; x_wconf 86' lang='lat' dir='ltr'>ad</span> <span class='ocrx_word' id='word_1_148' title='bbox 572 3853 663 3919; x_wconf 88' lang='lat' dir='ltr'>Petr.</span> <span class='ocrx_word' id='word_1_149' title='bbox 689 3855 764 3919; x_wconf 83' lang='lat'><strong>837.</strong></span> 
     </span>
     <span class='ocr_line' id='line_1_32' title="bbox 292 3969 888 4052; baseline 0.01 -21"><span class='ocrx_word' id='word_1_150' title='bbox 292 3985 393 4048; x_wconf 72' lang='lat' dir='ltr'>priore</span> <span class='ocrx_word' id='word_1_151' title='bbox 416 3985 495 4032; x_wconf 80' lang='lat' dir='ltr'>merc</span> <span class='ocrx_word' id='word_1_152' title='bbox 517 3969 590 4034; x_wconf 85' lang='lat' dir='ltr'>eine</span> <span class='ocrx_word' id='word_1_153' title='bbox 614 3970 888 4052; x_wconf 86' lang='lat' dir='ltr'>interrogatione.</span> 
     </span>
    </p>
   </div>
   <div class='ocr_carea' id='block_1_10' title="bbox 293 4110 1334 4712">
    <p class='ocr_par' dir='ltr' id='par_1_11' title="bbox 293 4110 1334 4712">
     <span class='ocr_line' id='line_1_33' title="bbox 640 4110 1110 4180; baseline 0.002 -16"><span class='ocrx_word' id='word_1_154' title='bbox 640 4110 687 4166; x_wconf 87' lang='lat' dir='ltr'>Al.</span> <span class='ocrx_word' id='word_1_155' title='bbox 705 4111 758 4165; x_wconf 85' lang='grc'>364</span> <span class='ocrx_word' id='word_1_156' title='bbox 777 4125 900 4178; x_wconf 86' lang='lat' dir='ltr'>sequere</span> <span class='ocrx_word' id='word_1_157' title='bbox 920 4126 1009 4180; x_wconf 87' lang='lat' dir='ltr'>quam</span> <span class='ocrx_word' id='word_1_158' title='bbox 1030 4126 1110 4166; x_wconf 85' lang='lat' dir='ltr'>mox.</span> 
     </span>
     <span class='ocr_line' id='line_1_34' title="bbox 293 4233 632 4312; baseline 0.009 -17"><span class='ocrx_word' id='word_1_159' title='bbox 293 4233 413 4312; x_wconf 78' lang='lat' dir='ltr'>quique</span> <span class='ocrx_word' id='word_1_160' title='bbox 437 4260 478 4287; x_wconf 90' lang='lat'><strong><em>=</em></strong></span> <span class='ocrx_word' id='word_1_161' title='bbox 503 4249 632 4299; x_wconf 79' lang='lat' dir='ltr'>omnes,</span> 
     </span>
     <span class='ocr_line' id='line_1_35' title="bbox 414 4374 1334 4446; baseline 0.001 -18"><span class='ocrx_word' id='word_1_162' title='bbox 414 4374 471 4429; x_wconf 88' lang='lat' dir='ltr'>Laz</span> <span class='ocrx_word' id='word_1_163' title='bbox 497 4374 552 4444; x_wconf 79' lang='lat'>929</span> <span class='ocrx_word' id='word_1_164' title='bbox 570 4374 677 4431; x_wconf 87' lang='lat' dir='ltr'>Sedere</span> <span class='ocrx_word' id='word_1_165' title='bbox 696 4376 804 4445; x_wconf 88' lang='lat' dir='ltr'>quique</span> <span class='ocrx_word' id='word_1_166' title='bbox 824 4379 859 4432; x_wconf 91' lang='lat' dir='ltr'>ut</span> <span class='ocrx_word' id='word_1_167' title='bbox 878 4378 1043 4446; x_wconf 85' lang='lat' dir='ltr'>prandeant</span> <span class='ocrx_word' id='word_1_168' title='bbox 1061 4378 1149 4432; x_wconf 91' lang='lat' dir='ltr'>modo</span> <span class='ocrx_word' id='word_1_169' title='bbox 1168 4378 1334 4445; x_wconf 81' lang='lat' dir='ltr'>sympotae.</span> 
     </span>
     <span class='ocr_line' id='line_1_36' title="bbox 294 4498 520 4578; baseline 0 -15"><span class='ocrx_word' id='word_1_170' title='bbox 294 4498 520 4578; x_wconf 60' lang='lat' dir='ltr'>yxueteratorie.</span> 
     </span>
     <span class='ocr_line' id='line_1_37' title="bbox 562 4640 1184 4712; baseline -0.002 -17"><span class='ocrx_word' id='word_1_171' title='bbox 562 4640 632 4695; x_wconf 85' lang='lat' dir='ltr'>Reb.</span> <span class='ocrx_word' id='word_1_172' title='bbox 652 4640 704 4697; x_wconf 84' lang='grc'>746</span> <span class='ocrx_word' id='word_1_173' title='bbox 723 4641 984 4709; x_wconf 82' lang='lat' dir='ltr'>Querulationibue</span> <span class='ocrx_word' id='word_1_174' title='bbox 1003 4643 1082 4699; x_wconf 84' lang='lat' dir='ltr'>haud</span> <span class='ocrx_word' id='word_1_175' title='bbox 1101 4656 1184 4712; x_wconf 82' lang='lat' dir='ltr'>opus.</span> 
     </span>
    </p>
   </div>
   <div class='ocr_carea' id='block_1_11' title="bbox 0 0 1643 5310">
    <p class='ocr_par' dir='ltr' id='par_1_12' title="bbox 0 0 1643 5310">
     <span class='ocr_line' id='line_1_38' title="bbox 0 0 1643 5310; baseline 0 0"><span class='ocrx_word' id='word_1_176' title='bbox 0 0 1643 5310; x_wconf 95' lang='lat' dir='ltr'> </span> 
     </span>
    </p>
   </div>
  </div>
 </body>
</html>
