3270 5310
378 1356 693 1434 Annotationes
732 1356 787 1433 ad
824 1356 1075 1438 Petrlscum.

138 1828 262 1894 Argum.
287 1826 312 1878 4.
338 1824 426 1878 Pater
452 1824 526 1878 banc
552 1823 686 1893 magistro
713 1827 843 1891 1111111111,Ι
868 1824 904 1878 de
931 1825 985 1880 hac
1008 1824 1089 1880 verbi
1108 1826 1264 1880 accusandi
1284 1840 1349 1881 con·

102 1922 268 1977 structione
287 1921 354 1976 vide
374 1935 420 1989 pg.
439 1921 483 1975 82.

137 2021 208 2087 Arg.
236 2019 261 2073 5.
290 2033 390 2073 aureos
417 2017 573 2087 qaindecim
599 2049 632 2055 -
657 2018 689 2072 in
715 2019 876 2084 posteriore
901 2018 1031 2072 editione
1056 2019 1189 2086 (propter
1219 2022 1350 2075 metrum

101 2116 185 2183 puto)
203 2117 314 2171 decem.

142 2213 191 2268 Ad
219 2226 464 2280 personarum
490 2212 652 2267 nomina.
689 2211 809 2265 Petrisct
831 2226 942 2265 nomen
967 2213 1044 2279 quod
1063 2213 1156 2267 etiam
1175 2213 1206 2266 in
1226 2213 1351 2281 epistola

103 2323 179 2378 quae
204 2309 273 2364 huic
298 2309 502 2364 dissertationi
528 2309 642 2363 adiecta
660 2310 722 2375 est,
741 2309 913 2363 invenimus
933 2309 1055 2376 ponitur
1074 2321 1126 2374 pro
1145 2309 1277 2376 quolibet
1295 2310 1350 2364 dis-

103 2406 221 2475 copulo;
249 2406 284 2461 cf.
310 2407 402 2461 etiam
423 2405 560 2474 exempla
580 2421 625 2474 pg.
645 2406 670 2460 8.
711 2404 843 2461 chiscas
868 2407 898 2459 et
918 2404 1063 2475 Stypiscua
1083 2406 1161 2460 unde
1179 2406 1352 2461 deriventur

105 2508 179 2563 mihi
200 2522 259 2562 non
275 2510 402 2564 constat.
424 2509 511 2576 Apud
525 2508 647 2563 Suidam
660 2510 763 2592 tamen
776 2509 824 2562 est
837 2508 925 2581 κάβαξ
940 2527 969 2556 :
985 2515 1147 2580 πανοῦργος,
1163 2509 1194 2562 et
1206 2509 1238 2561 in
1252 2510 1352 2562 vetere

102 2615 245 2682 glossario
270 2616 443 2671 invenimus
469 2622 566 2678 στῡπος
581 2635 611 2664 :
626 2615 718 2685 stips,
743 2615 820 2682 quod
843 2615 900 2668 etsi
928 2628 979 2681 pro
1005 2613 1109 2682 stipite
1127 2614 1182 2668 hoc
1202 2613 1263 2668 loco
1282 2615 1350 2681 poni

104 2717 222 2771 videtur
249 2718 374 2785 Macrop.
399 2718 525 2772 fortasse
550 2717 608 2773 alia
633 2718 850 2784 significatione
875 2717 1011 2786 adhibet,
1037 2718 1071 2772 ut
1093 2717 1134 2770 sit
1154 2715 1299 2786 Styptscus
1320 2735 1349 2764 :

104 2814 153 2882 qui
174 2814 283 2880 stipem
303 2814 430 2882 colligit,
450 2816 485 2869 ut
504 2814 672 2870 scholastici
693 2815 880 2883 pauperiores
898 2813 959 2869 illis
971 2813 1157 2881 temporibus
1172 2813 1265 2868 facere
1279 2812 1352 2867 sole-

104 2910 191 2974 bant,
219 2910 253 2966 ci.
280 2911 369 2979 praei.
395 2912 426 2964 in
452 2911 639 2966 Prosoediam
667 2926 712 2979 pg.
739 2912 764 2966 6.
802 2911 843 2964 De
867 2910 989 2978 reliquis
1015 2910 1188 2965 nominibus
1212 2910 1278 2964 vide
1304 2924 1351 2978 pg.

103 3007 219 3061 96-98.

140 3148 165 3201 6.
204 3147 245 3202 De
264 3148 319 3202 hoc
338 3149 480 3203 exercitio
499 3149 534 3203 ci.
555 3163 602 3216 pg.
623 3150 656 3204 10
671 3179 706 3186 -
720 3148 762 3204 11.

140 3297 165 3350 9.
208 3296 333 3351 Veientes
361 3297 527 3365 castigaricr
552 3328 586 3335 -
611 3299 647 3352 M.
675 3300 813 3366 parentes
839 3312 1017 3366 magnopere
1042 3296 1193 3352 adhortari
1220 3295 1296 3350 solet
1315 3311 1353 3351 ne

265 3395 426 3462 magistros
452 3395 517 3450 utili
544 3397 576 3449 et
598 3396 763 3451 necessaria
782 3396 978 3463 castigatione
997 3408 1104 3463 pueros
1122 3393 1237 3449 afficere
1258 3393 1352 3461 prohi-

265 3491 355 3546 beant
400 3492 476 3547 Suae
504 3492 613 3546 aetatis
642 3493 777 3559 patribus
805 3492 978 3561 exemplum
998 3491 1136 3559 proponit
1156 3489 1351 3558 Eumenium,

266 3590 351 3643 Asoti
373 3591 504 3657 patrem,
525 3604 613 3657 quem
633 3590 676 3644 ita
695 3590 766 3644 iacit
785 3590 949 3644 dicentem:
970 3591 1054 3644 Asot.
1075 3589 1127 3643 159
1140 3603 1203 3656 sqq.

374 3713 439 3767 Non
458 3713 573 3776 crebra,
594 3727 653 3767 non
673 3714 721 3780 pia
739 3713 834 3767 defuit
853 3713 995 3777 monitio,
1015 3727 1068 3766 nec

372 3810 489 3865 Omissa
508 3811 664 3878 castigatio
683 3812 738 3865 est.
759 3810 836 3865 Nam
855 3810 972 3864 eosdem
994 3809 1029 3863 ob
1049 3809 1103 3863 hoc

372 3908 409 3962 Et
429 3909 595 3975 paedagogo
615 3908 739 3976 tradidi,
758 3921 854 3975 neque
873 3907 978 3974 corrigi

372 4004 514 4071 Unquam
534 4005 681 4059 vetabam.
702 4005 744 4059 At
762 4005 891 4071 ineptias
910 4004 1040 4072 fugarier

374 4101 472 4168 Virgis
492 4101 642 4169 volebam,
660 4102 692 4155 et
710 4101 871 4156 acrioribus
890 4101 991 4167 ilagris

373 4198 527 4252 Lubricam
547 4198 677 4253 indolem
697 4198 831 4266 nequitia
849 4198 953 4252 abacta
972 4196 1085 4263 corrigi.

124 4347 165 4401 10.
203 4346 383 4401 'mulierculae
402 4376 437 4384 —
456 4347 514 4400 vid.
535 4360 583 4413 pg.
606 4346 665 4401 120.

125 4493 165 4549 13.
203 4495 243 4550 Cf.
263 4495 333 4550 Reb.
352 4497 414 4551 949.
453 4496 577 4561 Matres,
597 4495 682 4562 proin

409 4593 529 4657 Cavete,
548 4607 585 4646 ne
605 4594 738 4646 vestram
758 4606 808 4659 per
827 4591 1044 4658 indulgentiam

412 4691 510 4745 Vestri
530 4690 712 4744 insolescant
731 4688 814 4743 liberi
834 4688 869 4742 ob
889 4686 1051 4742 licentiam.
