3270 5310
879 407 942 470 158

497 706 632 784 Actus
660 705 893 785 secundus,
969 702 1134 783 Scaena
1161 705 1310 802 prima.

748 1119 888 1184 lumbici
911 1121 1065 1184 trimetri.

717 1312 1000 1378 Pnrnocrrarsmn
1023 1312 1103 1377 sola.

408 1482 539 1547 Bellum
563 1482 722 1545 diurnum
746 1483 822 1561 plus
845 1480 971 1545 timent
994 1481 1062 1545 mei
1085 1481 1221 1546 amiculi

407 1597 481 1661 Duo
505 1614 583 1661 cum
608 1596 785 1661 Didascalo
809 1596 842 1660 in
868 1596 1001 1673 schola,
1027 1614 1129 1677 quam
1152 1597 1277 1678 singuli

406 1712 583 1778 Nocturna
606 1729 739 1778 mecum
763 1712 891 1792 proelia
914 1712 950 1775 in
973 1713 1122 1777 thalamo
1146 1713 1294 1794 aggredi.

406 1828 450 1892 Et
473 1828 515 1894 ob
538 1828 601 1892 hoc
626 1845 737 1892 meam
761 1828 847 1892 hanc
872 1844 1011 1908 operam
1033 1828 1148 1893 locabo
1173 1832 1271 1894 tanto
1297 1829 1348 1894 cis

283 1947 359 2010 290.
408 1943 613 2024 Lubentius‚
639 1947 767 2024 quanto
791 1943 931 2024 obsequi
955 1943 1088 2008 malunt
1112 1943 1196 2007 mihi
1219 1945 1254 2008 in

407 2060 666 2140 complexibus,
692 2077 793 2139 quam
816 2060 851 2123 in
875 2059 1019 2124 lectione
1044 2059 1230 2126 Didascalo.

408 2176 540 2241 Videbo
564 2179 601 2240 et
625 2176 826 2255 explorabo,
850 2192 893 2239 ne
919 2165 1109 2239 didascalus

408 2291 581 2356 Fortassis
609 2291 879 2356 inconsideratos
903 2290 1083 2370 opprimat.

408 2407 538 2486 Papae,
565 2407 638 2486 ipse
661 2407 761 2471 adest
784 2410 926 2486 repente
949 2407 1129 2489 subdolus,
1156 2407 1228 2471 suis

284 2524 360 2586 295.
409 2521 567 2603 Stipatus
590 2522 646 2611 (ut
669 2521 770 2606 solet)
794 2522 944 2603 undique
967 2522 1191 2589 auditoribus,

409 2637 495 2718 Quid
520 2638 611 2702 facto
636 2638 763 2717 opust?
787 2637 878 2702 intro
902 2637 1148 2701 recurrendum
1173 2653 1278 2719 ocyus

407 2753 451 2817 lit
474 2753 693 2822 indicandum
716 2753 875 2833 amasiis,
899 2752 929 2817 si
953 2769 1019 2834 quo
1044 2753 1144 2817 modo

407 2867 653 2933 Praesentibus
678 2869 776 2933 malis
800 2873 929 2948 queant
952 2885 1139 2934 occurrere.

408 2983 526 3065 Neque
550 2984 702 3064 fugiendi
726 3001 836 3065 neque
860 2984 987 3048 latendi
1012 2983 1066 3047 hic
1090 2987 1146 3048 est
1169 2984 1270 3049 locus.

466 3464 600 3542 Actus
638 3465 872 3541 secundus
948 3461 1114 3542 Scaena
1151 3463 1355 3541 secunda.
1424 3501 1426 3503 >

402 3882 577 3944 Cnnrscns
626 3878 820 3944 Surrrscns.
868 3878 1159 3945 Pnrnoosarsmn.
1207 3878 1423 3944 Dronscanos

685 4012 761 4059 cum
786 3997 933 4075 quatuor
957 3995 1139 4075 discipulis.

282 4190 359 4252 300.
409 4186 456 4252 Ut
480 4187 634 4251 dixeram
658 4188 771 4268 prim,
796 4187 995 4267 prehendite
1019 4188 1175 4251 alacriter

406 4301 456 4390 (Si
482 4302 706 4390 occurrerint)
729 4302 974 4383 nequissimos
998 4320 1041 4367 ne
1066 4306 1127 4367 aut
1150 4303 1282 4383 impetu
1305 4305 1366 4366 aut

407 4417 506 4480 Minis
531 4434 649 4482 eorum
673 4421 770 4497 terga
793 4418 931 4484 vertite.
978 4417 1068 4483 Drso.
1094 4418 1313 4499 Neutiquam.

407 4533 480 4598 Dm.
505 4532 651 4598 Pulsabo
675 4534 717 4597 ad
742 4534 878 4598 ostium.
925 4533 1103 4598 Recludite
1127 4534 1190 4598 has
1214 4533 1333 4598 foreis!

407 4648 501 4714 Pmn.
528 4647 610 4728 Quis
633 4647 747 4729 pulsat
771 4649 897 4713 ostium
921 4650 1063 4714 meum?
1110 4649 1191 4714 Can.
1217 4648 1424 4729 Praeceptor
1448 4652 1514 4715 est.
