3270 5310
774 364 817 427 28

170 555 351 620 Plautinae
385 556 472 626 vim.
508 557 729 634 varietatem,
761 555 927 636 leporem,
961 556 1229 638 protervientem
1252 555 1433 622 luxuriam

170 675 232 736 aut
269 671 393 735 imitari
431 675 576 736 conatur
610 674 671 735 ant
706 672 911 752 assequitur.
971 671 1036 735 Sed
1073 672 1141 735 iarn
1176 687 1264 751 quae
1299 671 1432 738 Plauto

170 785 311 866 debeat,
345 785 467 867 quibus
491 786 521 850 ei
546 787 664 851 similis
688 787 751 866 sit,
776 786 898 867 quibus
922 786 1057 851 differat
1079 786 1122 850 ab
1145 802 1203 866 ec,
1228 789 1431 853 accuratius

170 901 355 966 videndum
379 906 442 966 est.
574 911 576 916 ⁴

691 1096 898 1105 -——-

537 1351 541 1358 4
611 1277 644 1344 1.
692 1274 777 1345 Loci
801 1275 974 1344 Plautini.

214 1471 317 1534 Totos
350 1469 440 1535 locos
472 1469 648 1534 Plautinos
681 1486 756 1533 raro
780 1473 918 1533 tantum
941 1470 975 1533 in
999 1486 1101 1534 suum
1124 1486 1225 1534 usum
1248 1473 1424 1536 convert-it

168 1585 410 1666 Macropedins.
459 1585 536 1649 Una
570 1588 685 1649 tamen
711 1584 919 1664 esitando,
944 1585 977 1648 in
1002 1601 1069 1665 qua
1092 1585 1228 1666 saepius
1251 1585 1316 1650 hoc
1341 1587 1424 1652 fecit

168 1718 272 1781 qnam
308 1702 344 1764 in
381 1701 504 1766 ceteris
539 1701 713 1781 omnibns,
749 1702 897 1764 Asotum
932 1701 1023 1780 dico,
1056 1717 1158 1780 quam
1189 1718 1226 1766 se
1258 1701 1424 1768 iuvenem

167 1817 344 1898 scripsisse
368 1817 440 1897 ipse
465 1820 624 1881 testatur.
673 1816 711 1879 ln
736 1816 798 1879 hac
822 1816 913 1879 enim
936 1815 1051 1880 lanula
1074 1816 1182 1880 multa
1205 1833 1250 1880 ex
1265 1816 1423 1899 Captivis

167 1936 204 1996 et
227 1931 432 1996 Mostellaria
456 1935 596 2013 sumpta
619 1933 668 1996 ita
691 1932 724 1994 in
749 1948 849 1996 snum
874 1948 974 1996 usum
992 1931 1162 1997 convertit
1178 1934 1218 1997 ut
1234 1949 1303 1997 non
1319 1935 1422 1998 modo

167 2065 368 2112 scaenarum
405 2048 684 2128 compositionem
720 2065 741 2111 a
776 2050 893 2111 vet-ere
928 2050 1030 2127 poeta
1065 2052 1245 2113 mutuatus
1279 2048 1327 2112 sit
1358 2051 1421 2114 sed

166 2165 271 2228 etiam
304 2165 488 2229 multorum
520 2181 684 2228 versuum
716 2180 858 2244 magnas
887 2166 1003 2244 partes
1034 2163 1108 2228 sine
1136 2163 1203 2227 ulla
1227 2164 1421 2229 mutatione

166 2279 200 2343 in
232 2297 332 2344 suam
364 2280 573 2345 comoediam
603 2279 826 2344 transtulerit.
875 2278 967 2359 Quae
992 2280 1057 2343 etsi
1081 2280 1148 2343 iam
1171 2282 1276 2344 antea
1299 2296 1321 2344 a
1344 2281 1421 2346 viro

167 2396 255 2461 doct.
305 2396 484 2461 Francisco
521 2396 704 2476 Spenglero
740 2395 928 2475 composita
963 2398 998 2458 ct
1029 2395 1120 2459 inter
1149 2411 1187 2459 se
1219 2400 1422 2476 comparata

166 2515 267 2591 sunt,
303 2515 421 2576 tamen
453 2528 495 2575 ne
527 2511 605 2590 qnid
638 2510 820 2574 desiderari
849 2510 1024 2575 videretur
1046 2510 1207 2575 nonnulla
1230 2527 1275 2574 ex
1299 2510 1340 2575 iis
1364 2511 1421 2577 hic

167 2642 300 2706 qnoque
333 2626 555 2691 adscribenda
583 2626 702 2706 putavi
727 2642 813 2704 quae
837 2625 1005 2705 quomodo
1029 2628 1131 2707 poeta
1155 2628 1273 2690 noster
1295 2625 1331 2691 in
1353 2627 1420 2692 hac

167 2758 202 2806 rc
239 2745 400 2806 versatus
435 2746 529 2806 esset
565 2741 787 2806 declararent.
835 2741 928 2822 Elige
960 2741 1070 2805 locum
1103 2740 1159 2805 ubi
1182 2758 1306 2806 servus
1329 2743 1420 2824 frugi

166 2875 242 2921 cnm
275 2875 441 2922 conservo
473 2875 620 2938 nequam
650 2858 690 2922 de
720 2858 883 2937 neglectis
907 2857 1022 2921 ciliciis
1046 2861 1083 2921 et
1105 2857 1148 2922 de
1171 2857 1302 2921 delictis
1325 2876 1420 2923 com-

167 2974 279 3038 missis
303 2974 515 3054 expostulat,
539 2977 576 3038 et
599 2974 640 3038 ab
664 2973 718 3038 illo
741 2990 876 3037 summa
901 2991 979 3037 cnm
995 2972 1200 3037 contumelia
1215 2974 1257 3037 ab
1274 2974 1420 3040 aedibus

165 3090 395 3171 proturbatur.

211 3258 369 3339 Planius,
394 3259 488 3325 Most.
517 3262 532 3324 1
559 3277 631 3339 sqq.
845 3259 988 3339 Macrop.
1015 3261 1140 3324 Aeolus
1163 3259 1228 3323 735
1251 3275 1323 3338 sqq,

335 3405 475 3474 Gaurum,
495 3405 622 3460 Tarum.
792 3464 794 3469 ,
957 3405 1094 3474 Ocurri,
1115 3405 1264 3459 Ooursra.

165 3529 220 3583 Exi
240 3543 256 3583 e
275 3529 373 3583 culina
393 3529 434 3582 sis
454 3528 546 3596 foras,
568 3529 722 3596 mastigia,
792 3552 793 3571 r
815 3528 870 3581 Exi
890 3542 906 3581 e
926 3527 1064 3592 latibulo,
1079 3528 1233 3592 mastigia,
1249 3527 1329 3582 citus
1343 3527 1424 3584 foras

165 3625 219 3692 Qui
246 3626 321 3679 milri
347 3627 426 3680 inter
446 3627 566 3694 patinas
584 3625 709 3679 exhibes
727 3640 769 3679 ar·
815 3624 971 3691 Egrederc,
992 3626 1136 3691 pernicies
1153 3624 1269 3689 herilis,
1282 3625 1423 3681 aedibus!

624 3723 734 3790 gutias.

165 3819 769 3889 Egredere,herilispernicies‚exasdibus.
791 3812 792 3819 '
814 3820 869 3873 Exi
894 3833 910 3873 e
935 3819 1048 3882 culina,
1075 3819 1173 3882 nidor,
1199 3818 1304 3886 ecquid
1321 3819 1421 3875 adhuc

164 3919 224 3986 Ego
250 3918 296 3986 pol
319 3920 350 3972 te
369 3920 445 3985 ruri,
465 3919 489 3972 si
510 3920 625 3985 viram,
646 3918 769 3972 ulciscar
1284 3913 1384 3969 lates?

637 4015 734 4081 probe.

164 4113 236 4181 Exi,
256 4113 394 4180 inquam,
415 4113 499 4166 nidor·
518 4127 534 4166 e
553 4112 658 4166 culina.
694 4112 767 4178 Quid

635 4208 732 4263 lates?

164 4306 260 4362 Talin.
293 4306 366 4373 Quid
395 4306 448 4360 tibi
479 4305 592 4360 malum
622 4306 668 4360 hic
697 4307 768 4360 ante
789 4316 792 4327 ·
812 4304 882 4359 Cou.
903 4304 975 4371 Quid
996 4305 1044 4358 hic
1063 4304 1118 4358 tibi
1137 4303 1276 4358 clamatio
1295 4304 1343 4357 est

398 4402 497 4457 aedeis
515 4402 732 4457 clamitatiost‘?
789 4428 791 4459 l
997 4402 1052 4455 Pro
1073 4402 1120 4455 liis
1138 4399 1277 4463 aeditua,
1297 4398 1419 4454 scelus?

164 4503 213 4555 An
232 4515 300 4556 rure
320 4513 423 4554 censes
442 4501 472 4553 tc
491 4502 578 4554 csse?
596 4500 718 4554 abscedo
731 4500 766 4554 ab
1106 4498 1197 4551 Pons
1216 4496 1363 4550 versarier

601 4598 731 4652 aedibus.
812 4597 898 4660 Ruri,
919 4597 1007 4650 tuove
1026 4596 1056 4649 ln
1077 4593 1264 4662 sterquilinio
1276 4592 1419 4647 sordido?
