3270 5310
781 373 842 436 117

232 565 295 645 Qui
319 565 430 630 iocose
454 565 496 628 de
520 565 663 645 pecunia
686 564 873 643 loquuntur
896 581 998 645 saepe
1023 565 1056 629 in
1082 582 1139 630 ore
1164 565 1293 630 habent
1316 584 1440 630 11111111·

186 681 319 746 ruriam:

311 821 396 876 Aseb
414 821 477 876 618.
497 820 605 876 Ieelreo
626 822 742 888 patrem
760 834 910 876 accessero

498 917 710 985 Rogavsreque
729 917 765 971 ut
782 917 907 985 impleat

498 1015 593 1069 Meam
613 1015 711 1069 aureis
731 1014 923 1069 ermaermlam

348 1181 360 1207 ,‚
401 1137 479 1192 1227.
499 1138 559 1192 Aes
579 1137 722 1205 subrogat
742 1136 920 1205 marmanda,
939 1138 1081 1205 aetasque
1101 1137 1256 1192 Venerem.

328 1259 399 1315 Reb.
416 1259 477 1316 461.
498 1259 649 1324 (Diabolus
667 1260 743 1314 dues
763 1259 885 1314 rebelles
905 1272 1010 1326 pueros
1030 1260 1152 1323 ridens)¹

497 1357 629 1424 Laquees
648 1369 731 1410 meos
751 1370 823 1411 mox
842 1356 975 1411 incident

497 1455 574 1509 Dum
594 1453 762 1519 acceperant
781 1453 980 1507 matricularia.

346 1621 378 1655 Α,
416 1578 478 1635 482.
799 1577 884 1632 Onon.
903 1580 935 1632 at
956 1577 1120 1631 crrrrnermle

221 1675 264 1730 Ur
283 1689 347 1729 sese
367 1674 479 1729 habet?
499 1675 578 1730 Num
597 1675 715 1743 turgida
733 1675 802 1728 est?
822 1675 911 1729 Drsc.
931 1674 1021 1729 Plena
1039 1674 1210 1730 admodum.
1225 1675 1245 1740 ¹)

231 1796 285 1862 Sic
310 1799 414 1864 stiam
437 1814 539 1880 saepe
564 1814 624 1880 pre
649 1798 798 1862 nummis
821 1799 990 1862 barbatuli
1012 1798 1187 1879 leguntur,
1212 1814 1279 1862 non
1301 1814 1438 1878 semper

186 1916 301 1978 tamen
326 1931 405 1979 eum
427 1912 607 1977 hilaritatis
630 1912 885 1993 significatione.

329 2055 399 2111 Reb.
420 2055 478 2109 174.
498 2056 528 2111 Si
548 2054 701 2109 arnrrmrrlc's
721 2068 862 2109 crumena
882 2055 1016 2121 turgeat,
1037 2054 1106 2120 quid
1126 2055 1195 2108 est?

365 2221 377 2248 ,‚
418 2179 480 2234 289.
500 2176 586 2232 Haud
607 2181 637 2232 ts
656 2178 793 2245 squidem
813 2178 1001 2240 cecidissem,
1020 2176 1084 2230 delo

497 2276 533 2331 lii
554 2274 730 2329 sustulisses
749 2273 908 2328 rrarmmrloa
929 2287 1018 2327 meos.

351 2397 399 2454 Al.
418 2398 478 2452 213.
498 2397 591 2467 Hem,
610 2398 768 2453 arrrrrrarrlos
788 2398 932 2466 primum!

220 2495 255 2551 el.
275 2495 354 2551 Petr.
373 2495 440 2563 794,
458 2495 519 2550 988.

230 2619 295 2684 Alii
318 2619 381 2684 loci
405 2619 460 2684 ubi
484 2619 692 2683 hilaritatem
716 2619 909 2699 significant
933 2618 1136 2688 diminutiva
1159 2620 1251 2682 sunt.

300 2760 393 2816 Andr.
414 2759 591 2814 marianas
611 2759 793 2829 leyeaulma?
814 2759 921 2823 habe0,
936 2758 1167 2829 pinpaiaanrlam

498 2857 618 2926 Quoque
636 2856 760 2911 altilem.
799 2857 878 2910 Bene
897 2857 945 2910 est
963 2856 1111 2924 animula,
1130 2857 1268 2923 aceeptus
1287 2870 1326 2910 es.

310 2982 394 3035 Asot.
413 2980 474 3035 597.
653 2994 758 3035 eamus
777 2980 875 3047 intre,
895 2994 965 3033 nam

497 3079 591 3133 Ardet-
611 3078 709 3133 videre
729 3078 870 3132 1111111111111
891 3092 965 3145 quae
984 3077 1071 3131 dixti.

309 3203 387 3257 Patr.
406 3202 466 3256 743.
915 3201 999 3269 lam,
1020 3199 1148 3263 (1111111111,

505 3299 611 3353 Videte
631 3299 697 3366 quis
717 3313 765 3353 ms
786 3298 905 3352 dotibus
924 3297 1072 3364 serlrnmla
1092 3296 1235 3351 Beaverit.

221 3396 274 3462 (De
292 3410 324 3451 re
342 3398 471 3465 angusta
490 3396 536 3450 vel
556 3397 668 3451 ineerta
688 3397 789 3450 tamen
810 3395 974 3462 serluiralae
994 3396 1078 3449 Asel.
1099 3394 1152 3449 600
1169 3395 1347 3462 meminere,
1359 3394 1431 3447 dum

185 3495 288 3549 sinent
305 3493 476 3559 fortunales.
496 3493 596 3548 11195
616 3494 753 3562 Harpax,
773 3494 807 3547 ut
827 3495 896 3547 tuas
916 3492 1079 3559 formai-errae
1097 3506 1128 3545 se
1149 3491 1293 3554 habentll

230 3617 357 3682 Deinde
389 3617 600 3682 deminutiva
629 3634 730 3697 saepe
756 3617 936 3680 caritatem
960 3616 1171 3695 significant,
1196 3631 1299 3693 quare
1325 3614 1431 3677 multa

184 3733 325 3798 suntin
348 3734 537 3797 amantium
563 3732 743 3798 blanditiis.

229 3849 310 3914 Reb.
346 3850 419 3914 194.
451 3849 519 3913 ludi
553 3849 715 3928 magister
744 3847 984 3927 discipulorum
1007 3861 1148 3909 suorum
1172 3844 1431 3908 amantissimus

185 3965 343 4029 mulieres
360 3964 444 4029 filios
460 3981 561 4029 curae
578 3965 651 4028 eius
664 3965 920 4028 eormniitentes
934 3963 1115 4041 alloquitur
1126 3961 1160 4023 in
1174 3961 1263 4024 hune
1276 3959 1428 4023 mellum:

508 4106 688 4173 Tirrnrercles,
708 4106 773 4159 tlrlei
794 4119 877 4158 meae
897 4118 971 4171 quos
990 4103 1101 4157 sistitis

504 4204 617 4258 Tuebor
635 4206 666 4257 et
684 4203 790 4257 dorem
810 4205 955 4269 tanquam
976 4201 1121 4268 propriam

505 4301 557 4368 Et,
578 4314 701 4368 quaese,
721 4300 812 4353 sinite
832 4313 879 4352 me
899 4312 998 4364 regere
1018 4295 1181 4350 terrem-ales.

224 4522 244 4587 ¹)
264 4520 334 4575 Sine
362 4519 423 4574 ulla
451 4519 614 4573 hilaritatis
639 4521 691 4572 aut
711 4518 766 4572 ieri
788 4518 917 4571 neblens.
956 4516 1002 4569 Al.
1031 4516 1081 4568 lli
1104 4528 1172 4568 nam
1194 4513 1241 4566 ubi
1263 4512 1340 4579 Toga
1361 4512 1429 4565 est?

187 4610 245 4665 Ubi
264 4608 378 4664 ricula?
397 4607 454 4663 Ubi
476 4606 638 4660 nummula
659 4607 830 4673 nigricans?
