3270 5310
803 402 824 466 6

190 594 282 647 vestri
308 591 392 648 cultu
412 592 544 661 primum
564 596 753 647 nostratum
774 593 880 648 Latina
900 597 966 649 111111
986 593 1096 650 Graeca
1116 596 1313 666 Rudlmenta,
1332 598 1443 655 deindo

190 690 404 745 institutiones
422 703 505 757 gram
511 689 635 744 rusticas
650 692 682 744 et
694 691 865 758 Syntaxeos
878 694 1034 760 praecepta
1047 694 1151 748 nostro
1164 688 1286 749 nomine
1298 694 1443 763 evulgata

190 790 285 845 obviis
304 791 392 858 (quod
410 791 509 857 aiunt)
530 789 610 845 1111118
627 791 783 859 amplexos
796 805 876 861 esse,
890 794 1004 860 etquid
1018 795 1113 849 restat
1126 795 1184 849 nisi
1199 796 1234 850 ut
1246 796 1278 851 et
1290 797 1442 871 προσῳδίαν

190 900 221 952 81
246 900 412 972 στιχοὶογὶαν
436 897 583 953 coronidis
608 898 705 953 instar
730 898 877 966 prioribus
902 899 1082 954 adnectam?
1106 903 1138 956 et
1162 900 1198 956 ab
1221 903 1286 956 oris
1303 902 1341 957 ad
1360 901 1443 957 mala

190 1000 235 1061 (ut
254 999 286 1053 in
306 998 459 1067 proverbio
477 1001 536 1062 est)
554 999 737 1054 instructum
757 998 840 1053 vobis
853 998 1024 1054 convivium
1039 1001 1221 1067 perducam?
1239 1002 1287 1057 Ad
1300 1002 1378 1070 quod
1392 1017 1443 1057 me

191 1108 251 1148 non
270 1096 358 1149 modo
376 1095 480 1165 decus,
499 1109 557 1163 quo
575 1094 718 1151 foeliciter
737 1096 840 1164 coepta
859 1095 992 1151 foelicius
1011 1099 1248 1153 consummanda
1264 1100 1442 1163 censentur,

192 1205 296 1246 verum
325 1191 423 1247 multo
451 1193 584 1247 maxime
612 1193 712 1247 vestra
739 1192 910 1247 communis
938 1192 1073 1262 utilitas,
1101 1196 1201 1249 vestra
1226 1195 1442 1264 commoditas,

191 1289 286 1343 immo
311 1290 412 1345 vestra
436 1290 600 1345 necessitas
625 1290 745 1344 invitat.
783 1290 826 1345 Ut
852 1290 975 1344 interim
998 1290 1103 1346 sileam
1123 1306 1172 1347 me
1190 1306 1208 1346 a
1226 1291 1362 1361 pluribus
1380 1306 1442 1347 sae·

192 1400 354 1454 penumero
367 1388 506 1455 rogatum
520 1387 556 1442 ad
570 1387 598 1442 id
609 1387 743 1442 muneris
753 1387 937 1457 obeundum,
947 1389 978 1442 et
988 1401 1056 1442 cum
1066 1389 1263 1444 detrectarem
1273 1388 1442 1456 impulsum

192 1484 288 1551 magis
314 1498 404 1551 quam
429 1482 632 1538 sollicitatum.
670 1484 749 1539 Sunt
774 1485 824 1552 qui
851 1483 984 1552 brevius,
1007 1487 1081 1540 suut
1099 1488 1204 1540 contra
1224 1486 1274 1554 qui
1294 1485 1444 1554 prolixius

191 1581 228 1634 de
247 1580 302 1635 hac
320 1594 365 1648 re,
385 1581 416 1635 et
435 1581 465 1636 id
485 1581 604 1649 quidem
623 1581 795 1635 doctissime
814 1583 1013 1651 scripserunt,
1033 1584 1234 1652 studiosisque
1254 1598 1313 1638 non
1334 1598 1442 1653 parum

194 1678 248 1732 hoc
272 1678 375 1732 nostro
394 1679 485 1746 (quod
502 1679 540 1733 ad
559 1677 662 1732 literas
680 1679 803 1742 attinet)
821 1678 1011 1734 foelicissimo
1031 1680 1147 1736 saeculo
1166 1681 1443 1736 commodaverunt.

194 1775 306 1829 Verum
332 1777 363 1829 in
388 1774 447 1829 illis
470 1775 609 1830 brevitati
634 1776 826 1831 studentibus
848 1776 945 1832 multa
964 1777 1056 1832 etiam
1076 1778 1154 1832 scitu
1174 1778 1339 1832 necessaria
1357 1777 1444 1846 desy-

193 1873 351 1941 derantnr,
381 1873 414 1927 in
442 1872 490 1926 bis
517 1874 619 1928 autern
650 1873 765 1941 prolixa
793 1873 880 1928 lectio
909 1876 1022 1928 teneris
1051 1888 1209 1942 puerorum
1238 1874 1360 1929 auribus
1387 1877 1445 1929 aut

194 1970 326 2024 taedium
351 1972 476 2037 generat
499 1971 554 2025 aut
578 1971 679 2025 sedulo
704 1971 833 2038 strepitu
858 1972 1012 2039 stuporem
1039 1971 1161 2026 inducit.
1200 1972 1288 2041 Quid,
1313 1972 1393 2039 quod
1413 1974 1445 2027 et

195 2065 372 2133 quibusdam
392 2068 485 2121 immo
504 2067 611 2122 multis
631 2070 765 2123 vestrum
786 2070 849 2121 tam
863 2070 948 2122 curta
962 2067 1096 2136 supellex
1110 2069 1171 2129 est,
1186 2069 1220 2122 ut
1233 2069 1292 2123 nisi
1305 2068 1445 2123 ostiatim

195 2164 389 2218 emendicatis
417 2164 546 2233 stipibus
574 2178 661 2219 suurn
687 2165 810 2232 genium
836 2165 1027 2233 defraudent,
1053 2180 1113 2219 uon
1140 2167 1257 2234 possint
1282 2164 1446 2233 prolixiora

196 2259 349 2315 volumina
368 2262 577 2329 comparare?”

231 2357 311 2425 opus
329 2358 481 2427 tripertito
499 2360 651 2414 dividitur.

233 2456 304 2509 Pars
341 2456 364 2510 Ι.
401 2454 444 2511 De
463 2456 637 2523 Quantitate
656 2457 839 2524 syllabarum
861 2470 911 2524 per
930 2455 1056 2510 tabulae.

268 2596 280 2620 „
327 2552 366 2607 ΙΙ.
405 2552 445 2607 De
465 2554 587 2620 pedibus
606 2554 748 2608 metricis.

267 2688 283 2711 ‚,
309 2650 364 2704 111.
402 2650 443 2704 De
462 2652 542 2704 recta
561 2653 726 2705 metrorum
747 2665 798 2705 seu
819 2664 960 2705 versuum
981 2651 1205 2718 compositione.

236 2747 419 2815 longissima
447 2751 494 2801 est
523 2761 591 2815 pars
619 2749 723 2816 prima.
761 2748 921 2816 Praecepta
950 2748 1245 2816 comprehenduntur
1273 2745 1449 2815 versiculis,

197 2858 321 2911 quorum
351 2843 511 2899 nonnullos
539 2844 587 2899 hic
616 2845 779 2900 adscribere
808 2847 906 2914 iuvat,
936 2846 985 2913 qui
1012 2845 1103 2899 simul
1128 2843 1289 2899 ostendant
1314 2844 1390 2910 quot
1416 2846 1451 2899 et

196 2941 294 3008 <puelia
313 2941 454 2996 vocabula
472 2940 531 2995 illis
550 2941 736 3009 temporibus
756 2943 855 3010 pueris
873 2943 1029 2997 ediscenda
1048 2943 1110 2996 dari
1130 2942 1219 2996 solita
1237 2940 1308 2995 sint.

392 3091 508 3146 vocalis
528 3093 662 3159 praeiens
681 3092 770 3146 1111111
791 3092 888 3147 brevis
907 3094 972 3146 esto
992 3092 1116 3146 Latinis.

394 3190 505 3243 Produc
523 3189 710 3257 diphtongon
728 3190 825 3244 cresin
846 3204 961 3256 quoque
981 3203 1049 3242 cnm
1070 3189 1211 3256 positura.

393 3287 464 3340 Prae
484 3289 569 3340 muta
588 3294 619 3341 et
638 3287 749 3354 liquida
768 3288 856 3341 breve
877 3288 901 3339 si
922 3286 1021 3340 vocale
1041 3286 1076 3339 lit
1094 3299 1217 3354 anceps,

393 3386 493 3451 Atque
513 3384 609 3438 modis
627 3384 694 3438 aliis
713 3386 816 3452 subin,
835 3385 865 3439 id
885 3385 963 3452 quod
983 3398 1069 3450 prosa
1084 3385 1105 3452 ¹)
1122 3384 1247 3438 docebit.

395 3481 540 3534 Preterito
558 3481 678 3547 gemino
698 3481 796 3535 brevis
816 3482 863 3535 est
882 3482 978 3548 prima
997 3483 1088 3548 atque
1108 3481 1251 3549 secunda,

393 3577 485 3632 Fuste
504 3579 609 3632 cecidit
628 3592 692 3644 eos,
712 3579 791 3632 dices
811 3582 929 3647 tamen,
948 3580 1038 3646 atque
1059 3579 1186 3646 pepedrt.

394 3678 421 3729 A
441 3675 521 3729 verbi
542 3676 651 3743 pruduc
670 3677 831 3730 crescentis
850 3676 901 3730 sed
920 3677 989 3731 dare
1008 3676 1103 3731 deme.

235 3824 345 3891 Regula
364 3825 400 3879 de
419 3824 511 3879 vocali
531 3842 556 3879 1.

235 3922 288 3975 Est
312 3936 329 3975 1
354 3921 441 3976 breve
466 3925 537 3977 aute
562 3937 667 3977 ornnes
687 3927 788 3978 mutas
807 3924 992 3991 liquidasque
1012 3923 1130 3990 figuras.
1170 3922 1280 3977 Deinde
1299 3920 1412 3977 vocalis
1431 3938 1452 3977 1

199 4022 269 4072 ante
282 4018 416 4085 singulas
428 4021 627 4073 consonantes
640 4022 840 4087 pertractatur
853 4023 883 4074 et
896 4023 1113 4074 enumerantur
1125 4020 1328 4087 exceptiones:
1342 4032 1390 4073 err.
1402 4032 1451 4087 gr.

236 4115 257 4167 ,1
279 4126 350 4170 ante
369 4132 384 4169 c
403 4117 435 4169 in
454 4118 559 4182 primis
577 4115 714 4183 syllabis:

397 4239 469 4293 Acer
488 4240 564 4293 acris
583 4240 705 4308 produc,
726 4243 793 4307 post
814 4240 948 4294 bracchia
968 4240 1093 4294 1111111111
1113 4241 1201 4309 adde,

395 4336 504 4389 tacebo
523 4336 668 4390 facundus
687 4352 753 4391 curu
774 4337 871 4404 gracie
891 4337 1030 4392 machina
1048 4339 1164 4403 11111118.

397 4433 523 4500 Mauors,
544 4435 699 4501 maceries,
720 4449 805 4502 paco,
826 4435 921 4502 placo,
940 4436 1040 4489 addito
1060 4436 1187 4490 thraces.

241 4638 260 4697 ¹)
280 4634 298 4686 i.
318 4648 342 4689 e.
361 4633 519 4700 explicatio
539 4649 623 4702 prosa
643 4637 775 4690 oratione
795 4637 962 4691 srrbiuncta.
