3270 5310
790 429 849 492 181

315 619 545 684 Sardonicus‘?
592 619 672 684 One.
696 619 772 684 Mea
795 620 894 685 unica
917 620 1204 704 Philochrysium,
1229 628 1264 688 te
1288 625 1376 690 dono

191 738 266 802 885.
314 735 388 801 Hoc
407 752 549 801 munere
565 752 678 801 aureo
714 734 810 802 Srrr.
828 736 1004 818 Duploque
1020 744 1055 802 te
1072 738 1321 822 Philargyrium
1337 741 1438 807 hocce

314 853 489 933 Argenteo
513 851 645 916 donabo
669 868 820 918 munere.
867 852 961 918 intro
985 853 1053 918 iam
1076 870 1296 935 properemus

315 966 517 1047 sortemque
541 970 696 1032 nostram
719 967 809 1031 inter
832 968 992 1033 caliculae
1015 969 1148 1050 planius
1172 971 1364 1039 recitemus,

315 1083 557 1165 Properemus‚
581 1083 729 1162 inquam.
776 1082 956 1164 Utrimque
980 1102 1116 1165 nanque
1139 1087 1173 1150 in
1197 1087 1316 1152 viculis
1340 1087 1380 1151 rit

1158 1204 1332 1284 strepitus.

657 1414 968 1432 -—--.-—

388 1628 522 1707 Actus
561 1630 757 1725 quartus.
831 1627 996 1713 Scaena
1034 1633 1232 1729 septima.

446 2061 607 2127 Sucusru.
656 2061 824 2128 eamme.
873 2062 1075 2135 Snrnmrras
1099 2066 1180 2131 tres.

734 2281 898 2348 Trimetrt'.

314 2475 467 2539 Miranda
489 2478 590 2555 sunt,
614 2475 644 2539 si
667 2491 754 2554 quae
777 2475 936 2539 feruntur·
959 2493 1042 2540 vera
1065 2481 1161 2541 sunt.

261 2645 267 2658 .
316 2591 403 2656 Tum
427 2591 469 2655 de
493 2590 641 2671 Cabisci,
665 2593 742 2656 tum
766 2589 914 2672 Stypisci
938 2591 1122 2659 fraudibus.

315 2707 387 2773 Nisi
411 2707 558 2788 tempori
579 2707 632 2770 his
656 2711 794 2787 praetor
817 2707 914 2772 malis
938 2708 1122 2773 occurrerit

315 2822 484 2887 Paulatim
507 2822 542 2886 in
566 2838 704 2887 omnem
727 2828 891 2904 proruent
914 2823 1095 2889 licentiam.

315 2938 527 3019 Quapropter
549 2938 597 3002 illi
620 2938 704 3002 haec
727 2939 940 3019 suggerenda
963 2955 1104 3019 censeo,
1129 2943 1166 3003 et

314 3053 485 3135 Capienda
508 3054 606 3133 siqua
629 3053 709 3116 mihi
732 3053 889 3117 ferantur
911 3054 1097 3121 commoda.

260 3223 266 3235 .
315 3169 359 3233 Et
381 3168 614 3244 commodum,
640 3185 678 3232 se
702 3168 845 3232 Praetor
869 3168 963 3249 ipsus
986 3169 1118 3249 ingerit.

315 3283 393 3350 Sur.
419 3285 484 3364 Te,
509 3284 628 3364 heros,
653 3282 817 3365 Sycastes
841 3284 932 3348 ultro
956 3287 1166 3348 conventum
1189 3285 1285 3365 petit.

314 3400 440 3465 Penne.
465 3399 652 3479 Moremur;
677 3399 740 3463 hoc
764 3416 843 3464 cum
864 3399 999 3464 homine
1023 3398 1105 3463 mihi
1128 3390 1183 3464 est
1207 3401 1393 3480 negocium.

314 3515 393 3581 Sar.
417 3515 558 3580 Delator
580 3515 615 3578 iu
639 3530 755 3579 casses
778 3517 858 3579 tuos
881 3514 990 3578 feram
1013 3514 1146 3580 inferet.

315 3629 388 3696 Src.
413 3630 532 3711 Salve,
557 3630 691 3694 domine
715 3633 862 3710 praetor.
902 3630 1027 3696 Palm.
1054 3628 1216 3712 Sycasm,
1242 3631 1361 3696 salvus
1385 3648 1440 3710 es;

260 3799 267 3812 .
315 3745 403 3811 Nihil
427 3746 533 3811 novi?
569 3745 643 3812 Sru
669 3745 804 3811 Parum.
841 3745 965 3809 Pelen.
984 3744 1111 3809 Parum
1127 3747 1226 3813 refer.
1259 3746 1333 3812 Srn.
1353 3747 1440 3811 Nihil

315 3863 386 3927 Tibi
409 3862 451 3927 de
475 3862 615 3927 Cabisco
639 3865 701 3926 eut
724 3861 766 3925 de
791 3860 950 3943 Stypisco
974 3861 1170 3942 proditum?

314 3977 440 4044 Pausa.
466 3977 558 4042 Certi
581 3976 678 4056 nihil;
703 3977 760 4057 qui
783 3980 866 4040 sunt
888 3976 937 4039 ii?
984 3974 1058 4041 Sro.
1084 3976 1340 4041 Adulescentuli

314 4092 375 4157 Pol
399 4094 550 4158 omnium
574 4109 659 4172 quos
683 4095 777 4157 terre
799 4092 905 4156 habet
928 4092 1143 4173 nequissimi,

314 4206 377 4287 Qui
400 4207 520 4272 fraude
544 4208 672 4289 passim
696 4208 883 4288 quoslibet,

261 4376 267 4387 .
315 4322 376 4403 Qui
401 4329 499 4405 vina,
524 4340 662 4404 carnes,
687 4324 832 4389 lectulos
856 4323 931 4388 dolo
956 4324 1126 4389 auferunt.

314 4439 440 4505 Pusar.
466 4438 539 4519 Qua
563 4441 727 4507 vafricie‘?
775 4440 849 4506 Sro.
874 4441 1027 4521 Longum
1052 4440 1141 4505 foret
1164 4439 1224 4504 tibi
1249 4440 1380 4520 singula

315 4555 519 4637 Enucleare3
544 4572 652 4636 pauca
675 4556 826 4620 breviter
850 4557 1030 4621 stn'nnero¹

316 4670 416 4736 Nosti
439 4670 525 4752 Lupi
549 4670 812 4752 intersignium?
859 4671 984 4736 Palm.
1010 4670 1099 4736 Novi
1121 4671 1233 4751 probe.
