3270 5310
786 368 849 431 119

292 559 362 617 Hee.
384 561 454 616 1104
472 561 574 628 Neque
593 559 673 615 ullus
693 562 740 614 est
759 574 797 614 ex
816 560 956 614 omnibus
975 560 1073 615 charis
1093 560 1183 628 meis,

472 657 526 724 Qui
546 656 692 711 verbulum
711 656 809 711 solatii
829 655 905 710 mihi
924 658 1074 724 suggerat.

322 783 379 837 les.
398 781 450 835 471
470 779 545 834 mihi
566 779 692 835 miserae
711 781 742 834 et
762 777 928 834 lamecum
947 780 1042 833 vitam
1062 793 1185 834 suavem
1207 778 1372 847 protrahee.

471 877 578 932 Adam.
597 877 651 931 260
669 875 802 932 levemus
824 877 878 931 hec
898 876 1103 946 corpusculum.

334 999 358 1057 I.
368 1002 398 1057 S.
416 1003 450 1056 51
470 1002 553 1056 velut
572 999 710 1055 oviculam
729 1000 845 1055 Duceni
864 1001 900 1055 ad
919 1014 1002 1055 aram
1022 1001 1186 1055 innoxiam.

238 1178 382 1243 Omnino
413 1177 625 1242 deminutiva
655 1176 815 1241 blandam
848 1180 884 1241 et
907 1177 1026 1241 mitem
1050 1176 1179 1240 habent
1203 1175 1444 1254 amenitatem,

192 1294 332 1374 ideoque
355 1293 554 1373 frequentes
578 1292 801 1357 inveniuntur
818 1292 853 1356 in
868 1292 947 1356 Iesu
964 1291 1191 1372 scholastico,
1208 1291 1304 1356 senili
1321 1307 1442 1372 opere,

192 1409 269 1474 stile
300 1408 443 1474 remisso
473 1411 509 1473 et
537 1407 611 1472 miti
634 1408 778 1489 scripte;
803 1408 934 1497 accedit
958 1408 1046 1486 quod
1071 1407 1251 1487 pleraeque
1275 1422 1442 1487 personae

192 1527 287 1607 pueri
310 1528 402 1590 sunt.
1076 1517 1080 1523 ’

236 1641 363 1706 Contra
378 1657 624 1720 nonnunquam
637 1640 766 1704 habent
777 1639 1069 1719 contemptionem
1083 1642 1119 1703 et
1131 1638 1442 1719 reprehensionem.

317 1800 381 1855 Lar.
402 1798 471 1854 1003
489 1798 641 1853 0101010111
658 1800 743 1855 Asot.
763 1799 813 1853 691

494 1896 517 1952 0
536 1897 718 1951 timidiorem
738 1895 850 1965 lepore,
870 1909 943 1949 num
964 1894 1108 1949 corniculo

495 1994 535 2048 Te
553 1995 647 2048 terret
666 1992 776 2047 unica?
795 1993 855 2047 Nec
873 2006 978 2062 corax,
997 2006 1051 2047 nec
1070 1994 1179 2047 nectua
1199 1992 1253 2046 aut

494 2089 717 2145 Germaniarum
736 2089 819 2144 mille
838 2104 886 2144 me
905 2091 1083 2144 deterreant.

228 2211 297 2270 Hec.
321 2213 390 2269 1093
409 2213 543 2269 horariae
557 2213 698 2284 preculae.
736 2213 814 2269 Petr.
832 2214 868 2268 35
886 2212 998 2268 scilicet
1017 2213 1185 2267 Aadmmlue
1204 2224 1371 2280 procaxque
1391 2223 1442 2276 per

193 2325 241 2366 me
271 2311 412 2366 desinat?
442 2310 524 2365 Bass.
553 2312 587 2365 94
620 2325 693 2366 num
725 2311 803 2379 abis,
839 2311 1008 2380 loquacula?
1039 2310 1093 2364 380
1118 2311 1182 2364 iam
1209 2309 1331 2363 tandem
1356 2307 1441 2375 ades,

191 2407 359 2463 mollicula?
378 2408 471 2464 Andr.
491 2407 543 2461 177
561 2407 631 2472 aei,
650 2408 837 2464 meribibulo!

237 2582 403 2648 Modestia
426 2600 559 2664 queque
583 2586 620 2648 et
643 2583 816 2649 humilitas
840 2583 1060 2649 deminutivis
1085 2581 1304 2663 significatur.

228 2724 283 2779 Ad.
308 2724 379 2780 2104
397 2739 446 2779 me
465 2724 633 2780 armillielom
652 2725 799 2793 Dignatur
817 2727 882 2795 ipsa
901 2726 1060 2781 admittere
1079 2724 1150 2780 9390
1169 2723 1255 2779 Unde
1276 2721 1330 2777 hoc
1349 2718 1439 2788 mihi,

193 2823 228 2875 ut
245 2821 357 2876 domini
377 2823 436 2876 mei
455 2822 549 2876 Mater
568 2837 616 2877 me
636 2823 780 2877 aninelem
799 2823 925 2878 visitet?

227 2916 296 2973 2481
316 2917 406 2974 illum
424 2919 514 2973 adera
533 2921 583 2987 qui
602 2921 657 2975 tibi
681 2918 880 2975 Conmmenlario
899 2935 947 2974 me
966 2919 1044 2975 lecit.

237 3084 291 3149 Ad
326 3085 514 3150 Blanditias
545 3087 762 3152 referendum
794 3088 883 3167 quod
909 3088 1013 3151 etiam
1037 3103 1057 3150 a
1081 3085 1274 3151 nominibus
1298 3081 1441 3163 propriis

192 3217 437 3280 nonnunquam
460 3202 672 3268 deminutiva
695 3203 905 3268 formantur:

285 3343 480 3398 00011319.
500 3343 634 3398 Occurrit
653 3358 717 3399 ecce
741 3344 926 3415 Tleryplulua.
946 3344 1015 3399 Reb.
1036 3344 1089 3398 003
1108 3342 1292 3398 0100011010.

354 3465 399 3521 Al.
418 3465 479 3522 380.
499 3466 572 3534 Quid
593 3467 709 3522 sordida
728 3481 775 3534 ea,
795 3481 861 3522 mea
880 3467 1024 3522 Alleluia?

499 3563 522 3619 0
541 3564 655 3630 Hein0,
675 3578 760 3619 serra
779 3565 931 3619 Aletalem
950 3565 1049 3620 tuam!
1070 3565 1156 3620 Labe.
1175 3595 1209 3602 —

501 3661 561 3728 Ego
581 3665 630 3729 (ne
650 3663 735 3726 time)
754 3666 783 3716 te
803 3662 972 3731 sustinete,
991 3662 1122 3716 Alulule.

331 4118 386 4188 De
410 4119 654 4190 deminutlvls
678 4123 818 4208 qulbus
842 4124 1083 4208 appellantur
1108 4124 1295 4193 mulieres.

236 4354 392 4421 Mulieres
430 4374 451 4421 a
489 4357 702 4438 Macrepedie
737 4360 877 4439 eiusque
913 4361 1110 4439 aequalibus
1145 4361 1286 4425 ludibrio
1324 4360 1439 4424 haberi

191 4470 320 4552 solent,
353 4475 614 4552 tractanturque
646 4474 729 4539 alias
761 4475 881 4539 blande
914 4480 950 4540 et
981 4476 1138 4555 comiter,
1164 4477 1247 4539 alias
1271 4493 1348 4539 eum
1372 4475 1439 4540 leni

190 4584 361 4666 irrisione,
391 4605 636 4669 nonnunquam
667 4608 744 4654 cmn
776 4591 1029 4672 contemptione
1058 4592 1196 4672 acerba,
1224 4591 1439 4656 undelibet
