3270 5310
711 410 774 473 129

244 603 344 655 Anna.
362 600 422 655 Sile
440 600 552 670 cloaca,
571 601 808 670 prostiblumque
827 602 1008 659 sacrificuml

242 697 299 753 Abi
318 698 457 763 domum,
476 702 630 765 morare1)
650 714 739 767 quem
759 700 867 755 misere
888 702 965 768 peris

241 794 460 850 sacrificulum!
480 795 574 850 Pons.
594 795 669 864 Quid
688 796 743 851 tibi
762 796 901 864 (malum)
920 799 1036 854 curatio
1054 802 1102 854 est

241 893 353 948 Rerum
373 906 524 962 mearum,
544 893 674 961 pessima
692 893 848 962 expultrix
868 895 940 964 viri,

241 990 353 1044 Rerum
373 990 494 1045 tuarum
515 989 657 1058 prodiga?
678 993 777 1045 Aunn.
796 990 936 1060 Opprime
957 1007 1004 1063 os,
1025 1008 1132 1061 procax

242 1086 397 1154 Scortum,
416 1084 573 1140 subactum
594 1085 712 1142 millies.
750 1079 780 1141 si
800 1088 853 1142 edo
872 1089 926 1142 aut
946 1089 1012 1144 bibo

242 1184 304 1239 Aut
323 1181 467 1250 abligurio
487 1196 587 1236 meum
611 1183 841 1251 patrimonium,

242 1281 308 1335 Non
325 1280 356 1335 td
376 1281 429 1334 tua
446 1279 589 1349 intereat;
608 1280 677 1349 sile,
695 1282 786 1349 atque
804 1281 852 1336 abi
870 1282 1010 1352 domum,

241 1377 379 1445 istosque
397 1376 537 1445 colaphos
554 1376 632 1433 dulci
651 1379 766 1433 amasio
784 1378 874 1433 refert

242 1474 334 1530 Pons.
353 1474 501 1529 andasne
518 1474 636 1542 gratis?
655 1476 756 1531 Auen.
776 1474 904 1545 vapula,
924 1477 1072 1548 improba,
1093 1480 1214 1548 vapulat

242 1571 335 1627 Poau.
354 1571 498 1626 Ventrem
518 1572 607 1625 tuum
627 1585 678 1640 per
697 1573 885 1639 aphroditen
904 1573 1004 1628 fodero

241 1668 272 1723 si
290 1668 387 1723 denuo
405 1667 553 1736 attingas!
573 1670 674 1723 Auos.
694 1669 813 1724 Patrem
834 1684 885 1737 per
906 1670 1061 1741 Liberum,

242 1766 281 1821 Te
299 1765 418 1834 Cypridi
438 1779 537 1834 pugno
556 1767 693 1835 immolo,
713 1768 771 1821 nisi
790 1767 898 1822 abieris
909 1785 917 1836 3

240 1862 316 1929 Cape
335 1862 474 1931 riculam,
493 1877 526 1918 ac
545 1864 576 1917 te
595 1864 724 1931 proripel
746 1864 838 1919 Pons.
859 1864 921 1919 Hoc
940 1866 1131 1933 opprobrium

241 1959 348 2026 Rapiat
367 1959 413 2015 vel
432 1961 467 2015 ad
487 1974 591 2015 corvos
610 1961 656 2014 vel
675 1962 708 2015 in
726 1961 866 2029 laqueum
887 1964 974 2017 tuum

241 2056 385 2111 Ventrem
404 2056 559 2128 gulamve,
579 2058 722 2113 venefical
743 2059 1028 2117 Avnn.Extu1·bavi
1048 2076 1124 2116 eam.

163 2224 321 2289 Omnium
345 2229 462 2290 tamen
485 2226 582 2290 facile
598 2226 766 2307 principes
782 2231 865 2291 sunt
880 2227 967 2292 duae
984 2228 1075 2309 illae,
1093 2230 1215 2309 quibus
1232 2233 1364 2298 Asotus

118 2343 229 2404 toturn
258 2357 295 2405 se
320 2340 464 2422 dedidit,
491 2342 706 2416 maurellae,
733 2341 928 2406 Planesium
952 2347 988 2407 et
1011 2343 1260 2427 Margaenium3
1285 2349 1363 2413 audi

117 2472 176 2519 aas
198 2455 325 2519 invidia
347 2457 504 2521 incensas
529 2456 717 2522 maledictis
740 2461 932 2524 certantes:

242 2641 326 2695 Asot.
345 2640 407 2697 825.
677 2642 750 2712 Sile,
770 2642 847 2697 olida
866 2643 933 2696 sust

241 2737 342 2793 Mane.
361 2738 438 2805 Quin
457 2741 492 2794 tu
511 2739 583 2810 sile,
602 2740 699 2795 cloaca
717 2754 828 2807 susque
848 2740 996 2810 morbida,
1106 2806 1109 2812 ¹

241 2835 293 2890 Cui
314 2837 430 2903 praeter
449 2836 527 2892 hanc
545 2837 673 2892 frontem
697 2837 809 2907 femur,
830 2836 923 2906 latus,
943 2838 1067 2905 inguina

241 2931 279 2986 Et
297 2933 426 3000 corporis
445 2934 502 2988 alia
521 2934 655 2989 membra
674 2935 835 3002 purulenta
854 2935 941 3004 sunt,

242 3028 355 3084 Infecta
375 3030 477 3085 morbo
497 3032 547 3098 qui
567 3031 643 3086 solet
661 3031 790 3087 celarier.

241 3125 335 3181 anu.
355 3127 429 3182 Tun’
448 3128 557 3183 audeas
575 3143 624 3183 me
643 3129 832 3183 morbidam?
851 3129 952 3183 Mane.
972 3129 1049 3196 Quin
1068 3130 1216 3185 audeam?

240 3221 278 3278 Et
296 3226 533 3280 menstruosaml
553 3224 647 3281 Pius.
668 3228 751 3281 Mene
770 3227 850 3282 dices
869 3226 1053 3296 morbidam,

240 3320 284 3375 lle
304 3323 550 3376 monstruosam?
569 3323 631 3391 En,
652 3323 784 3378 morbida
804 3323 875 3378 haec
896 3323 1057 3379 veneticam

240 3418 279 3472 Te
299 3419 346 3473 his
365 3419 501 3473 verberat
520 3421 629 3488 pugnis
648 3422 680 3474 et
699 3435 797 3488 ungue
816 3420 943 3475 vellicat.

241 3516 341 3571 Mane.
361 3517 394 3571 Id
414 3517 590 3584 neutiquam
609 3519 733 3584 impune
752 3519 861 3586 egeris:
881 3518 925 3572 Tu
945 3518 1055 3573 foedior

241 3612 350 3678 Quovis
368 3613 521 3682 cadavere,
541 3616 631 3682 atque
650 3629 739 3669 coeno
758 3615 944 3679 obscoenior,

240 3710 283 3765 Tu
302 3711 459 3765 caederes?
478 3711 525 3766 Sic
544 3712 624 3768 disce
644 3713 752 3780 pugnis
771 3713 909 3781 caedere,

239 3808 286 3864 Sic
304 3809 383 3862 disce
403 3809 512 3876 pugnis
531 3810 666 3874 caedere,
685 3811 727 3865 sic
748 3809 865 3864 vellicat

160 3974 264 4040 Paulo
295 3981 374 4058 post
405 3981 522 4042 tamen
549 3978 697 4059 optimae
722 3980 804 4042 sunt
827 3978 973 4059 amicae,
998 3994 1060 4041 nec
1084 3977 1267 4057 quidquam
1293 3979 1362 4041 irae

114 4091 148 4153 in
172 4109 289 4156 earum
313 4093 435 4158 animis
458 4093 599 4174 residet;
624 4093 752 4158 scilicet
775 4093 817 4156 ad
841 4095 1075 4174 spectatorum
1100 4092 1361 4158 delectationem

114 4208 252 4272 tantum
287 4208 368 4273 talia
393 4210 618 4288 inseruntur,
654 4227 798 4289 quorum
830 4226 875 4273 ex
905 4209 1018 4273 animo
1050 4208 1199 4288 loquitur
1223 4208 1363 4273 Cometa

113 4339 254 4407 servae,
279 4325 335 4405 qui
359 4325 435 4389 huic
460 4326 554 4389 rixae
578 4326 724 4389 interest
748 4327 847 4390 Asot.
873 4325 956 4388 838:

153 4648 175 4716 ¹)
194 4649 299 4703 Morari
321 4669 351 4697 :
372 4649 497 4717 opperiri
519 4649 584 4702 vide
602 4649 639 4702 ad
660 4648 736 4701 Patr.
756 4648 817 4703 850.
