3270 5310
260 582 320 636 253.
358 580 475 635 saarim
497 609 522 617 -
547 580 605 633 vid.
625 592 690 647 pag.
709 579 753 632 59.

260 754 320 812 261.
357 760 480 825 sotepcro
500 785 534 795 -
553 755 687 824 Satapera
703 774 732 803 .-.
747 753 849 809 sedulo
861 767 980 821 operam
994 753 1064 808 dare
1077 766 1164 820 saepe
1177 751 1266 806 habet
1278 751 1316 806 ΙΙ.
1330 749 1509 819 Plemmque

419 853 451 907 in
470 854 608 921 imperat.
628 854 713 908 Asot.
733 852 811 906 1322.

561 975 681 1030 Faciam
701 975 818 1044 lubens;
838 975 900 1039 ibo,
919 973 1019 1030 redibo
1038 973 1194 1041 ocyssime.

563 1071 680 1141 Seiopa
699 1073 785 1127 intus
803 1074 851 1127 est
870 1072 947 1140 qued
966 1071 1089 1126 interim
1110 1084 1257 1138 peregero.

422 1196 514 1251 Andr.
533 1196 568 1250 64
588 1196 631 1250 Τ6
649 1198 760 1264 satage,
779 1209 816 1250 ne
836 1197 954 1264 quasit
973 1195 1048 1250 milri
1068 1196 1149 1250 Mora
1167 1195 1282 1263 prandii
1302 1208 1371 1250 cum
1388 1195 1509 1250 rediero.

421 1294 503 1348 Bass.
522 1294 557 1348 62
576 1307 629 1347 vos
648 1294 768 1348 Privare
789 1294 914 1348 honesto
934 1306 1058 1349 munere
1076 1294 1190 1361 eperunt
1207 1291 1278 1346 satie
1297 1292 1363 1348 Laz.
1377 1292 1430 1346 165
1442 1292 1508 1346 iube

422 1391 528 1445 Vernis
554 1392 617 1446 tuis
646 1404 745 1445 rerum
774 1393 914 1459 sategere3
942 1390 994 1444 185
1013 1389 1139 1458 Satapite
1157 1389 1211 1445 385
1228 1391 1334 1458 satapc.
1363 1388 1508 1444 06161111.

423 1491 487 1543 Lar.
507 1489 559 1544 506
578 1489 639 1544 Nos
657 1489 759 1556 itaque
779 1488 869 1543 herus
890 1488 967 1555 quod
986 1488 1115 1543 iusserat
1133 1487 1188 1542 tibi
1207 1490 1373 1556 satagamus
1391 1487 1506 1554 exequi.

422 1587 479 1639 Ios.
498 1599 559 1653 arg.
580 1585 595 1638 7
614 1586 803 1640 recusantem
821 1585 853 1640 in
873 1599 1018 1640 carcerem
1037 1584 1136 1654 satepit
1156 1584 1237 1640 iniici
1257 1586 1314 1640 eet.

262 1761 322 1816 278.
360 1760 427 1815 Heli
449 1791 475 1798 -
499 1761 565 1815 vide
585 1761 699 1828 Regum
720 1762 749 1825 Ι,
768 1761 846 1814 3-4.

263 1937 322 1991 282.
360 1936 427 1992 vide
446 1937 562 2004 Regum
583 1937 628 2002 ΙΙ,
649 1938 691 1992 13.

263 2112 338 2189 285.
359 2113 505 2181 ralcrpait
524 2142 559 2151 -
578 2111 758 2181 Redcrpacrc
779 2132 810 2160 :
830 2113 1042 2181 reprehendere
1061 2112 1230 2181 frequenter
1248 2127 1275 2168 a.
1288 2113 1326 2167 ΙΙ.
1340 2118 1510 2182 usurpatur.

423 2211 516 2266 Andr.
541 2210 594 2264 316
617 2210 784 2266 districtius
803 2211 979 2278 redarguam
998 2210 1051 2266 660
1070 2210 1237 2266 mordacius
1255 2212 1399 2278 cauponis
1417 2212 1510 2278 impu·

424 2307 557 2361 dentiam
577 2308 711 2375 redargui
732 2307 783 2361 764
803 2306 879 2361 Tum
899 2307 955 2361 bile
974 2309 1076 2362 motus
1094 2307 1227 2376 increpo,
1246 2307 1390 2376 redarguo
1407 2308 1464 2363 los.
1476 2308 1511 2361 62

425 2406 558 2459 nostram
585 2419 700 2460 meram
725 2405 882 2472 redarguet
902 2406 956 2459 996
974 2407 1000 2460 si
1019 2405 1185 2460 absentiam
1204 2406 1278 2461 dure
1297 2420 1397 2460 meam
1417 2407 1510 2461 redar-

422 2504 503 2568 guat.
542 2501 663 2570 Epistol.
684 2501 718 2556 76
737 2502 930 2570 redargutus,
950 2503 1127 2570 redargutio.

260 2662 320 2714 288.
358 2662 497 2714 nocturna
512 2660 624 2729 proclia
646 2690 672 2698 -
695 2659 730 2714 ci.
751 2661 881 2729 Propert.
902 2661 933 2728 2,
954 2662 984 2729 1,
1003 2662 1046 2714 45.

259 2810 321 2864 293.
359 2808 503 2863 Fortassis
527 2839 552 2846 -
575 2809 634 2863 vid.
654 2824 718 2877 pag.
739 2811 782 2863 55.

260 2960 320 3013 313.
358 2958 561 3013 Aristarchum
596 2989 622 2997 —
658 2958 727 3013 Reb.
760 2959 825 3027 101,
855 2959 904 3014 161
933 2960 1141 3027 ludimagister
1169 2961 1343 3027 Aristippus
1372 2961 1510 3030 uocatum

359 3055 437 3111 Petr.
456 3055 509 3110 580
528 3056 656 3110 maritus
674 3055 869 3124 chrysippus.
1248 3075 1250 3080 ·

259 3207 320 3260 321.
359 3205 487 3272 carnifex
511 3236 535 3243 -
560 3206 674 3260 similes
693 3206 831 3274 magistri
851 3206 1033 3261 minatioues
1051 3205 1122 3261 Reb.
1141 3208 1208 3271 415,
1227 3207 1289 3263 438.
1331 3268 1335 3275 ,

260 3356 319 3410 320.
357 3355 435 3409 locos
453 3355 531 3421 apud
551 3354 714 3409 rhetoricos
734 3355 823 3408 notos
841 3356 1007 3410 enumerat.
1035 3354 1076 3410 01.
1095 3355 1157 3409 623.

259 3505 319 3558 347.
358 3519 422 3572 sqq.
447 3465 472 3541 ζ
495 3518 563 3558 cum
584 3503 639 3558 hoc
658 3504 719 3559 loco
739 3505 774 3559 cf.
795 3504 864 3559 Reb.
884 3504 937 3559 397
956 3520 1020 3574 sqq.

258 3654 452 3714 35011611,
481 3652 614 3709 carnifex
647 3684 672 3691 -
706 3655 742 3710 cf.
770 3654 840 3709 Bab.
868 3654 921 3709 328
949 3655 1055 3710 Valeat
1084 3656 1259 3723 Aristippus
1286 3669 1394 3726 senex,
1424 3658 1513 3721 trux,

358 3751 491 3806 carnifex
520 3752 605 3805 Asot.
633 3752 687 3805 450
714 3751 770 3806 Sed
793 3752 855 3806 iam
881 3753 1007 3807 revertit
1029 3753 1086 3807 huc
1106 3753 1222 3808 malicia
1241 3753 1394 3821 praeditus
1414 3753 1513 3818 Trux,

359 3849 501 3903 carnifex.
724 3864 726 3868 ⁴

258 4005 264 4051 :
313 4041 319 4054 .
357 3998 398 4053 De
427 3998 640 4066 discipulorum
670 3999 751 4053 illius
779 3999 888 4054 saeculi
914 3999 1048 4055 moribus
1072 4000 1107 4055 oi.
1134 3999 1240 4068 Geiger
1264 4000 1282 4055 l.
1308 3999 1327 4054 l.
1351 4001 1513 4070 412-414,

360 4097 391 4150 et
419 4094 579 4164 epistulam
600 4097 718 4151 Aeneae
737 4096 831 4164 Sylvii
851 4098 929 4165 apud
949 4097 1139 4153 Burckhardt
1159 4097 1176 4153 l.
1196 4097 1214 4152 l.
1234 4111 1299 4167 pag.
1320 4098 1386 4165 110,
1406 4099 1457 4166 qui
1477 4099 1513 4153 de

358 4192 521 4246 Viennensi
541 4193 701 4259 gymnasio
721 4193 823 4247 scribit
843 4193 927 4249 haec:
951 4194 1105 4263 „Ceterum
1119 4195 1277 4250 studentes
1290 4196 1346 4263 ipsi
1360 4194 1511 4264 voluptati

359 4303 478 4357 operam
497 4290 588 4358 dant,
606 4290 669 4344 vini
689 4290 804 4358 cibique
822 4290 909 4344 avidi.
943 4291 1030 4345 Pauci
1050 4291 1321 4359 emergunt'docti,
1341 4305 1438 4360 neque
1456 4292 1513 4348 sub

357 4400 482 4441 censura
501 4388 659 4456 tenentur,
678 4387 724 4441 die
744 4389 893 4455 noctuque
906 4389 1069 4456 vagantur,
1083 4402 1266 4457 magnasque
1279 4388 1394 4446 civibus
1407 4388 1514 4444 moles·

359 4485 416 4538 tias
434 4483 576 4538 inierunt.
608 4485 654 4539 Ad
675 4484 746 4539 haec
766 4484 927 4540 mulierum
946 4486 1110 4552 procacitas
1122 4487 1240 4541 mentes
1253 4499 1356 4541 eorum
1369 4485 1509 4542 alienat”.

258 4635 318 4689 390.
357 4633 430 4689 Vide
453 4648 499 4700 pg.
522 4632 583 4687 133.
