3270 5310
846 397 908 461 196

454 696 588 774 Actus
626 697 814 792 quintus.
890 693 1056 773 Scaena
1093 695 1291 792 septima.

348 1096 464 1160 luoux.
512 1094 723 1159 Snrnnnmas
772 1093 893 1159 Funus,
941 1093 1165 1158 Drosscmus.
1214 1092 1404 1158 Passurus.

397 1289 494 1352 Nunc
517 1287 601 1351 hora
624 1287 731 1351 serior
754 1286 894 1366 diesque
918 1286 1079 1351 occiduus
1102 1290 1176 1369 est;

398 1403 579 1467 Producite
603 1401 743 1482 impios,
768 1404 808 1466 ut
831 1405 1026 1467 extremam
1049 1403 1121 1467 suis

398 1518 464 1582 Pro
487 1518 672 1583 sceleribus
696 1521 836 1581 sumant
859 1517 973 1597 palam
997 1518 1216 1583 sententiam.

344 1689 348 1698 .
399 1633 476 1698 Sur.
502 1633 711 1698 Parebimus.
758 1632 832 1698 Dm.
858 1632 966 1697 Iudex
991 1633 1138 1697 tribunal
1163 1638 1314 1715 occupat.

398 1749 480 1813 Mus
506 1748 600 1814 Heu!
649 1749 721 1813 Dm.
748 1748 921 1813 Prodeunt
945 1749 1012 1828 rei,
1038 1749 1199 1814 accidotis
1223 1750 1394 1830 supplices

398 1864 572 1929 Praetoris
595 1865 748 1944 genibus.
795 1864 910 1946 Heus,
934 1869 974 1929 ut
997 1867 1053 1928 est
1075 1865 1285 1946 Mysandra?
1309 1883 1353 1929 ne

398 1981 509 2045 Time!
549 1979 695 2060 Galene,
720 1984 799 2045 tene
823 1981 995 2045 labantem
1020 1981 1214 2060 coniugem,

397 2097 466 2160 Res
490 2096 607 2161 salvae
627 2100 737 2161 erunt.
775 2096 845 2161 Iun.
873 2096 1067 2161 Consistite.
1101 2097 1180 2161 Cas.
1197 2096 1275 2162 Heu
1291 2097 1507 2163 miserrimos

399 2213 513 2277 Fures.
563 2212 658 2277 Sere.
684 2212 782 2276 Itane
807 2228 870 2276 nos
894 2229 1052 2293 separaS,
1077 2229 1195 2276 amara
1218 2215 1338 2279 mors?

401 2328 501 2393 Para.
528 2328 554 2392 Ο
580 2328 656 2407 quis
679 2328 763 2392 dous
786 2328 851 2409 poli
875 2328 983 2392 solive
1007 2329 1091 2392 mihi
1115 2345 1219 2409 puero

401 2444 643 2508 Miserabitur?
679 2443 873 2508 Num‘mibi
898 2447 1013 2524 pater,
1039 2460 1121 2507 num
1146 2448 1256 2508 mater
1280 2446 1361 2509 est?

401 2559 581 2623 Maledicta
604 2559 714 2640 furta,
740 2576 825 2638 quae
851 2576 905 2623 me
929 2559 963 2622 in
988 2559 1072 2623 baec
1095 2559 1187 2624 nocis
1211 2560 1355 2624 trahunt

402 2674 610 2739 Discrimina.
660 2674 705 2754 Ο,
729 2675 826 2755 parvi
850 2692 970 2755 greges
993 2676 1206 2756 scholastici,

400 2790 523 2854 Parate
548 2791 826 2869 praeceptoribus
850 2792 994 2872 vestris,
1019 2796 1140 2856 cavete

401 2907 455 2969 Ab
479 2906 533 2969 his
556 2922 690 2986 quoque
714 2906 953 2986 impurissimis
977 2907 1165 2972 sodalibus!

399 3021 444 3084 Hi
473 3020 509 3085 in
533 3021 692 3096 crimina,
722 3022 755 3085 hi
778 3021 813 3085 in
836 3022 960 3099 vincla,
987 3023 1020 3086 hi
1045 3023 1080 3086 in
1104 3039 1222 3088 necem
1246 3023 1415 3089 induxere
1440 3043 1507 3091 me.

400 3137 469 3202 lnn.
495 3136 588 3201 Satis
613 3137 726 3216 λόγων.
775 3136 857 3217 Quis
881 3138 935 3202 hic
958 3139 1056 3202 irruit
1081 3140 1311 3204 temerarius?

400 3253 472 3317 Dm.
498 3253 605 3318 ludex
630 3253 823 3327 tremende,
850 3254 911 3317 tibi
935 3254 1162 3335 tribunalique
1185 3255 1263 3319 huic

400 3369 634 3433 Foelicitatem
659 3372 695 3433 et
719 3369 930 3449 aequitatem
955 3387 1063 3450 usque
1087 3370 1271 3450 imprecor,

400 3484 530 3548 Verum
554 3485 643 3548 bunc
667 3485 813 3564 puellum
838 3488 913 3549 tum
937 3488 1119 3565 parentum
1142 3486 1345 3567 lachrymiS,

399 3600 484 3664 Tum
509 3603 626 3664 aetate
650 3604 787 3682 tenera,
812 3604 886 3664 tum
911 3601 1111 3666 scholastico
1135 3618 1211 3665 meo

400 3715 466 3779 Pro
490 3719 608 3780 vetere
632 3716 828 3797 privilegio,
853 3717 999 3795 primurn
1024 3733 1121 3797 rogo,

400 3831 484 3895 Dein
509 3832 657 3912 impero,
682 3831 764 3894 mihi
789 3831 1026 3912 corrigendum
1050 3833 1202 3898 oreduas

398 3947 590 4026 Discipulus
617 3949 671 4012 est
695 3964 811 4018 meus,
836 3965 933 4012 meae
957 3966 1091 4029 quoque
1115 3948 1262 4031 ferulae,

398 4062 557 4127 Nondum
582 4063 668 4144 tuiS,
693 4063 853 4138 Praetor,
880 4063 1043 4128 subactus
1071 4064 1209 4145 legibus.

399 4177 468 4240 luo.
496 4177 578 4240 Tun'
604 4195 641 4241 es
665 4179 799 4242 scholae
823 4182 962 4243 nostrae
986 4179 1205 4245 didascalus?
1234 4180 1306 4244 Dm.
1325 4181 1396 4262 Ego
1416 4199 1507 4249 sum.

398 4292 468 4358 luo.
495 4293 633 4356 Partem
656 4293 799 4358 alteram
823 4295 1009 4375 aequitatis
1034 4313 1110 4360 esse
1134 4300 1169 4360 to
1192 4295 1366 4361 arbitrans

397 4407 466 4471 luri
491 4408 658 4472 meolam
683 4426 829 4474 cessero.
879 4410 1008 4475 Verum
1034 4412 1155 4476 amodo

253 4523 348 4588 1325.
397 4523 505 4604 Cave,
530 4540 630 4605 puer,
657 4525 813 4589 manibus
838 4526 923 4589 meis
948 4526 1162 4605 prehendier.

396 4638 460 4703 His
484 4639 642 4705 iudicatis
666 4641 752 4704 dabo
777 4642 976 4721 parentibus
1000 4659 1103 4706 suum
