3270 5310
797 369 838 433 16

364 563 404 616 10.
441 560 655 630 Doloribusque
673 562 705 616 et
723 560 855 616 cladibus
874 561 985 629 passim
1006 561 1069 615 suis

442 658 478 713 In
497 657 612 723 liberis,
634 660 667 713 ut
685 658 852 713 destitutus
871 657 1002 726 undique

441 754 584 819 Consili0,
603 769 658 823 ope
676 755 708 810 et
726 753 848 823 solatio,
865 754 926 808 iam
947 754 1158 822 propemodum

441 852 587 906 Animum
607 867 696 906 suum
716 851 921 919 desponderit,
939 851 1032 906 donec
1051 850 1131 906 Deus

440 949 573 1004 Gnatum
593 963 682 1003 snum
703 949 771 1016 post
789 948 886 1003 multa
906 948 990 1002 misit
1009 947 1133 1002 saecula.

362 1046 404 1101 15.
442 1045 496 1112 Qui
516 1045 631 1100 homini
651 1044 780 1100 salutem
800 1045 915 1113 perdito
936 1044 1057 1099 tandem
1076 1042 1196 1108 attulit,

442 1142 611 1211 solatioque
629 1142 777 1196 destituto
795 1142 948 1209 gaudium.

228 1265 325 1321 Adam
353 1268 384 1322 et
412 1266 473 1321 Eva
502 1268 627 1335 „typum
654 1266 810 1333 gerentes”
838 1265 956 1333 generis
975 1265 1099 1320 humani
1119 1265 1151 1320 in
1171 1264 1291 1320 miseria
1309 1265 1445 1322 demersi

192 1363 325 1431 perpetui
355 1364 537 1430 spectatores
565 1363 714 1431 aspiciunt
742 1376 847 1417 omnes
875 1362 1012 1418 clariores
1031 1376 1078 1417 res
1096 1363 1197 1430 gestas
1216 1361 1316 1431 populi
1337 1362 1444 1420 Iudaei

192 1474 285 1528 usque
312 1461 348 1515 ad
376 1461 540 1515 adventum
568 1459 740 1515 salvatoris.
777 1460 856 1514 Suus
885 1459 1003 1528 utrique
1031 1460 1151 1514 additus
1177 1460 1225 1514 est
1245 1460 1369 1528 genius,
1390 1461 1443 1529 qui

192 1571 291 1612 rerum
310 1557 544 1625 significationes
562 1556 691 1624 explicat
711 1570 872 1624 eorumque
891 1557 1009 1610 animos
1028 1555 1124 1624 longis
1143 1556 1291 1612 laboribus
1309 1555 1444 1613 afflictos

191 1653 357 1709 confirmat.
401 1655 460 1709 Res
487 1668 562 1722 quae
589 1655 621 1709 in
649 1668 755 1709 scaena
783 1654 965 1708 exhibentur
993 1656 1066 1709 sunt
1093 1654 1163 1709 hae:
1191 1654 1300 1709 Caedes
1327 1655 1443 1711 Abelis

191 1750 344 1806 Abraham
374 1752 455 1806 isaac
484 1753 518 1806 ut
546 1752 677 1806 hostiam
705 1752 742 1806 ad
770 1765 837 1805 aras
864 1752 954 1806 ducit.
999 1751 1203 1806 Israelitarum
1232 1765 1271 1806 ex
1299 1753 1444 1820 Aegypto

191 1849 313 1903 exodus.
351 1848 431 1903 Varii
461 1849 637 1904 Iudaeorum
667 1849 698 1903 in
716 1848 834 1903 deserto
853 1849 1029 1916 vagantium
1048 1863 1143 1904 casus.
1181 1850 1272 1918 leges
1290 1849 1444 1905 dantura

191 1945 301 2013 Moyse.
338 1943 470 2001 violator
497 1945 639 2001 sabbathi
668 1945 824 2011 lapidatur.
863 1946 971 2000 Manna
995 1958 1034 2000 ex
1059 1945 1138 2000 coelo
1155 1944 1312 2001 delabitur.
1350 1946 1442 2016 degn·

191 2044 337 2098 sanantur
355 2045 478 2112 aspectu
496 2042 607 2098 colubri
626 2042 741 2097 ahenei.
779 2043 882 2110 Pugna
902 2041 1023 2097 Davidis
1038 2043 1070 2098 et
1082 2042 1212 2099 Goliath.
1235 2040 1444 2099 vaticinantes

190 2139 374 2194 inducuntur
393 2140 554 2208 prophetae
574 2140 690 2203 Esaias,
709 2138 891 2203 Hieremias,
908 2139 1057 2204 Ezechiel,
1070 2139 1182 2196 Daniel.
1201 2140 1303 2195 Prodit
1316 2140 1443 2196 Simeon

190 2251 259 2290 cum
279 2236 427 2292 Zacharia.
465 2237 573 2292 Mariae
593 2236 662 2291 lesu
681 2238 785 2304 partus
804 2237 964 2291 nuntiatur
983 2252 1000 2291 a
1019 2236 1166 2300 Gabriele,
1185 2237 1271 2305 eique
1284 2237 1442 2294 Elisabeth

190 2332 365 2401 gratulatur.
403 2333 513 2389 Fabula
532 2335 579 2389 ost
598 2334 734 2388 omnium
754 2332 938 2401 longissima.
974 2333 1123 2388 Numerus
1142 2347 1284 2388 versuum
1303 2334 1386 2390 2660.

227 2457 462 2526 Hypomone‚
481 2473 546 2512 seu
566 2458 763 2513 Patientia
783 2457 1021 2526 Nacropedii.
1053 2455 1195 2512 Pabula
1213 2470 1330 2511 sacra.

690 2580 920 2646 Argumentum.

422 2703 529 2757 Diuina
547 2702 725 2771 Hypomone
744 2718 812 2758 cum
832 2703 950 2770 Graphe
969 2701 1118 2756 sororcula

422 2800 547 2870 Delapsa
565 2800 644 2855 coelo
663 2800 779 2855 deditos
797 2800 852 2854 sibi
872 2800 992 2864 visitat,

421 2897 539 2953 solatur
558 2899 589 2952 et
608 2897 696 2952 verbo
716 2895 768 2951 Dei
788 2897 876 2951 simul
898 2897 1010 2959 erudit,

421 2994 533 3050 Foedus
553 2995 652 3059 lobes,
671 2993 841 3049 hulcerosos
862 2995 1000 3056 Lazaros,

358 3099 384 3151 5.
422 3098 533 3152 Davida
552 3097 709 3165 profugum
729 3098 760 3151 et
778 3098 911 3169 ἐξόριστον
929 3095 1062 3159 Heliam,

421 3199 468 3254 Sic
487 3198 629 3256 Thobiam
649 3213 768 3254 mecum
788 3199 878 3265 atque
896 3198 1016 3252 claudos
1034 3197 1195 3265 arthricos,

421 3296 494 3351 Cum
515 3296 641 3363 filiisque
661 3296 873 3364 prophetarum
894 3295 1076 3350 sernentibus

421 3393 618 3448 Scholasticos
637 3393 841 3461 pauperrimos
860 3395 891 3447 et
910 3392 1059 3459 orphanos

421 3491 537 3554 Nudos,
556 3489 669 3544 scabios
688 3492 720 3544 et
738 3490 873 3544 omnium
894 3503 993 3543 rerum
1013 3489 1139 3556 indigos.

342 3590 382 3643 10.
421 3588 610 3655 Tandemque
631 3602 681 3655 per
700 3587 882 3642 Patientiam
901 3587 932 3640 et
952 3586 1086 3640 monitus
1105 3584 1239 3653 Graphes

420 3684 565 3739 Omnibus
584 3685 621 3738 iis
640 3685 676 3739 iit
694 3682 827 3752 spiritale
846 3683 997 3750 gaudium.

225 3800 375 3855 Numerus
394 3814 536 3855 versuum
557 3802 634 3854 1241.

224 3924 333 3979 lesus
352 3923 595 3979 Scholastica
603 3939 626 3978 s,
664 3925 898 3991 (Argumentum
916 3924 1012 3976 metro
1025 3922 1223 3990 compositum
1237 3936 1298 3977 non
1309 3923 1437 3990 exstat).

189 4022 273 4076 Iesus
300 4021 498 4076 duodecennis
526 4021 665 4075 ascribis
684 4021 716 4074 in
736 4019 848 4087 templo
867 4020 1070 4086 interrogatus
1089 4019 1272 4074 sententiam
1292 4033 1380 4074 suam
1400 4020 1438 4076 de

188 4120 317 4175 lieschia
338 4119 464 4186 exponit
482 4119 680 4186 omnibusque
700 4117 843 4185 singulari
863 4119 894 4171 et
913 4131 1002 4184 supra
1022 4130 1147 4184 puerum
1167 4115 1326 4184 prudentia
1344 4116 1437 4171 admi·

187 4217 334 4270 rationem
355 4217 465 4271 movet.
503 4215 652 4270 Numerus
670 4230 812 4269 versuum
835 4216 911 4269 1183.

224 4313 308 4368 Hanc
341 4313 471 4368 fabulam
507 4312 708 4380 Macropedius
741 4313 860 4380 scripsit
895 4311 1043 4365 ultimam.
1088 4310 1174 4365 Edita
1201 4311 1248 4365 est
1277 4309 1435 4366 Ultraiecti

187 4424 266 4464 anno
296 4412 379 4475 1556,
407 4410 521 4466 duobus
550 4410 639 4464 annis
665 4412 736 4465 ante
765 4410 893 4464 mortem
912 4408 1052 4463 auctoris.
1090 4408 1192 4462 Unum
1213 4408 1337 4463 tantum
1358 4410 1437 4476 quod

188 4508 306 4576 quidem
336 4509 466 4564 sciamus
493 4507 646 4575 exemplar
673 4507 737 4561 eius
765 4506 916 4574 superest,
944 4506 1020 4573 quod
1050 4507 1187 4559 servatur
1205 4504 1237 4559 in
1257 4504 1438 4562 bibliotheca

187 4606 397 4673 Goettingana.
