3270 5310
762 410 804 473 77

159 606 341 671 discrimen
375 604 528 684 adducti,
563 606 675 668 morte
709 603 909 667 imminente
943 603 1077 666 tristem
1110 619 1209 666 suam
1234 602 1406 667 fortunam

159 721 403 786 lamentantur.
450 719 533 785 Reb.
560 720 635 784 824.

468 888 549 942 Tubu
567 888 703 942 terribilia
722 888 824 942 sonuit
844 902 932 942 nunc.
972 885 1038 941 Heu

463 986 586 1040 Miseros
604 984 699 1054 fures,
719 985 860 1039 miseram
880 984 1008 1038 sortem!

464 1082 486 1136 Ο
505 1081 568 1137 fata
587 1083 731 1146 indracto,
750 1096 767 1135 o
787 1082 904 1136 horrida
925 1083 1019 1135 mors!

464 1179 654 1235 Maledictum
672 1180 714 1234 sit
733 1178 863 1248 furtum,
883 1179 959 1245 quod
982 1178 1014 1232 in
1035 1178 1115 1233 hunc

464 1278 509 1331 Me
527 1277 617 1332 duxit
636 1278 813 1330 omororeru!
832 1290 856 1329 e.
877 1290 904 1343 q.
924 1290 947 1328 s.

207 1434 245 1499 ln
277 1435 446 1499 Andrisea
468 1434 581 1499 Poma
604 1452 682 1499 eum
706 1435 739 1497 in
765 1451 805 1498 eo
829 1436 884 1498 est
908 1437 947 1498 ut
971 1451 992 1497 a
1015 1435 1138 1499 marito
1162 1434 1261 1498 salito
1285 1435 1407 1514 equino

163 1552 287 1630 tergori
310 1551 467 1616 innuatur
490 1555 620 1616 terrore
644 1551 842 1615 exanimata
866 1550 1048 1616 exclamat.
1093 1549 1214 1637 (Andr.
1244 1549 1362 1636 1012):

741 1717 764 1771 O
783 1731 909 1772 saxeum
930 1719 1033 1785 pectus
1053 1718 1123 1772 viri!

393 1814 471 1881 Quae
491 1817 584 1883 terra,
604 1815 680 1882 quod
700 1828 796 1878 mare,
816 1828 927 1881 quaeve
947 1814 1069 1868 barbara
1089 1816 1171 1869 natio

394 1911 471 1966 Huic
490 1911 587 1966 simile
607 1912 749 1966 tormenti
770 1926 865 1978 genus
884 1912 1021 1979 cuiquam
1042 1912 1170 1966 intulit?

394 2009 473 2075 Quae
491 2011 571 2064 terra
591 2009 664 2062 mihi
684 2008 819 2064 dehiscat
837 2010 869 2062 et
889 2023 998 2075 poenae
1017 2010 1154 2063 eximat?

208 2157 300 2221 Irata
324 2162 436 2224 mater·
458 2160 492 2222 in
516 2160 578 2223 has
603 2176 705 2223 voces
729 2158 888 2239 erumpit.
936 2158 1019 2224 Reb.
1045 2159 1127 2222 376:

395 2328 494 2395 longa
512 2328 559 2381 est
578 2341 661 2381 mora
680 2327 793 2394 omnis,
813 2327 878 2380 tota
898 2339 1026 2393 namquo
1045 2326 1202 2380 excandoo.

394 2424 449 2478 Per
466 2424 537 2478 deos
554 2424 683 2491 deasque
702 2425 766 2478 iuro
785 2424 817 2478 et
836 2423 936 2477 omnia

395 2522 499 2576 Terrae
520 2522 635 2590 polique
655 2523 686 2577 et
704 2522 867 2576 inferorum
888 2523 1013 2577 numina

395 2619 475 2685 Quod
494 2619 648 2674 vindicabo
667 2633 715 2674 me
734 2619 789 2674 hoc
807 2619 908 2673 diedo
927 2619 1045 2674 iniuria.

396 2716 443 2771 Ita
462 2716 611 2784 unguibus
631 2718 785 2771 taetricam
807 2717 862 2771 viri
882 2717 1024 2771 notavere

394 2814 551 2882 Frontem,
572 2816 606 2869 ut
626 2814 700 2869 nihil
721 2815 823 2869 minus
842 2815 965 2868 exarata
984 2816 1125 2880 appareat

397 2910 489 2977 Quam
511 2911 638 2978 prolium
658 2912 769 2967 clunes.

209 3059 462 3141 Nonnunquam
486 3079 546 3142 per
569 3062 680 3126 iocum
702 3062 782 3125 talia
798 3062 936 3125 adhibet
951 3061 1194 3142 Macropedius.
1220 3062 1410 3126 Audiamus

165 3192 353 3257 cauponem
388 3177 591 3242 Andriscam
627 3181 667 3242 ut
697 3177 832 3242 fortiter
864 3177 1025 3241 maritum
1053 3177 1270 3257 aggrediatur
1293 3178 1410 3241 exhor-

165 3293 308 3357 tantem.
356 3293 463 3359 Andr.
488 3294 555 3357 850
579 3311 669 3374 sqq:

396 3461 426 3516 Si
446 3461 500 3516 tibi
521 3462 584 3515 stat
603 3461 674 3515 haec
693 3460 859 3528 sententia,
878 3474 932 3527 age
951 3460 1124 3527 iiraginern.

397 3558 467 3614 Toto
486 3558 595 3614 exhibe
614 3558 824 3613 fortissimam!
863 3558 922 3611 Nee
942 3559 985 3611 uti
1008 3557 1114 3612 mulier

398 3656 521 3724 Pavido,
541 3670 594 3710 nec
614 3656 657 3710 uti
678 3670 796 3710 cessura
815 3656 948 3722 segniter
967 3655 1075 3709 ictibus

396 3753 452 3808 Sed
471 3753 517 3807 uti
536 3753 637 3808 leaena
656 3753 795 3808 interrita
812 3754 902 3819 atque
921 3751 1039 3806 fortiter

396 3851 577 3918 Congredere
596 3866 665 3905 cum
684 3851 762 3917 viro,
781 3850 859 3905 virili
879 3864 995 3918 quoque
1014 3852 1067 3904 tua

396 3948 453 4002 Pro
471 3949 555 4016 parte
573 3948 695 4002 caedito.
733 3949 832 4015 Atque
851 3961 920 4001 eum
941 3947 964 4000 si
986 3947 1105 4017 viceris,

397 4045 464 4100 Non
482 4045 515 4099 in
535 4045 632 4100 virum
652 4045 811 4111 imperium
831 4045 918 4098 modo
936 4043 1149 4105 domesticum,

397 4142 453 4197 Sed
472 4141 596 4209 gloriam
617 4140 818 4196 immortalem
837 4142 868 4195 et
888 4143 1043 4196 aeternum
1064 4141 1152 4195 dorus

398 4237 460 4294 Hac
480 4239 552 4293 hora
571 4239 678 4305 adepta
698 4252 834 4305 prospere
853 4253 960 4293 aevum
981 4238 1143 4305 transigas!

212 4390 310 4454 Asot.
336 4390 376 4452 31
402 4389 490 4454 serio
514 4389 653 4453 dicitur:

523 4557 600 4612 Dum
620 4557 758 4611 veritatis
776 4556 915 4610 derelicto
934 4555 1044 4609 tramite

523 4654 664 4722 Sequitur
684 4652 854 4720 voluptates
872 4667 943 4706 suos
