3270 5310
53 1893 175 1953 Natura.

54 1968 115 2024 Lex

89 3065 223 3120 Pactum.

855 426 920 491 228

263 637 393 685 morem
425 621 591 702 patrium,
624 635 691 700 quo
721 620 873 684 viatores
905 619 947 682 ad
978 619 1070 683 sitim
1094 619 1284 684 sedandam
1308 619 1377 685 huc
1402 621 1514 686 solent

263 737 448 816 plerunque
484 734 663 800 divertere.
720 734 866 800 Veniam
902 736 1043 800 tandem
1078 736 1120 799 ad
1152 736 1373 818 praecipuum
1407 739 1513 804 totius

262 853 516 917 controversiae
541 854 662 931 caput,
686 851 824 915 veniam
848 852 890 915 ad
915 852 1087 933 rapinam,
1113 853 1201 932 quod
1226 853 1355 918 scilicet
1371 854 1512 919 Petrisci

263 968 419 1033 manibus
450 966 597 1032 libellum
629 967 834 1031 extorserim
865 969 901 1031 et
931 967 1012 1031 mihi
1035 968 1211 1034 servarim.
1259 968 1339 1033 Non
1363 969 1418 1034 ibo
1442 970 1513 1033 inli-

261 1084 348 1164 cias,
384 1084 444 1148 sed
480 1082 568 1162 quod
600 1083 673 1146 iure
705 1081 843 1147 fecerim
877 1082 1092 1147 evidentibus
1115 1084 1327 1164 argumentis
1352 1085 1511 1151 edocebo,

261 1199 365 1263 Absit
396 1201 435 1263 ut
462 1215 658 1279 quenquam
688 1197 882 1262 mortalium
913 1197 1036 1263 iniuria
1067 1198 1229 1281 alliciam,
1262 1216 1366 1280 quern
1396 1200 1513 1280 optimi

261 1317 423 1396 parentes
447 1315 513 1379 mei
536 1314 578 1377 ab
602 1314 746 1378 infantia
770 1317 805 1378 et
828 1314 1040 1378 incunabulis
1064 1314 1166 1381 doum
1190 1315 1333 1399 timere,
1357 1315 1515 1381 innocen·

262 1431 346 1495 tiam
376 1447 516 1495 servare
547 1433 582 1494 et
614 1431 780 1494 virtutem
804 1430 962 1510 amplecti
986 1429 1184 1497 docuerunt.
1232 1431 1357 1495 Ausim
1384 1431 1513 1513 dicere,

260 1547 362 1635 (citra
385 1550 502 1611 tamen
523 1546 752 1626 arrogantiam
767 1545 935 1626 intelligas
952 1545 1070 1632 velim)
1086 1547 1281 1612 venerande
1299 1549 1514 1628 praeceptor,

262 1663 351 1744 quod
385 1679 496 1741 neque
528 1665 584 1742 tu,
616 1678 726 1742 neque
757 1662 937 1742 quisquam
969 1662 1236 1727 commilitonum
1268 1678 1426 1727 meorum
1458 1678 1514 1726 me

261 1796 361 1844 secus
392 1783 551 1859 agentem
575 1778 743 1843 hactenus
767 1778 1037 1858 deprehenderit.
1084 1778 1209 1858 Rapuit
1233 1776 1422 1866 (inquiunt)
1448 1777 1514 1841 lilio

262 1911 337 1959 meo
383 1893 514 1958 librum.
574 1893 733 1974 Factum,
780 1896 817 1958 ct
862 1893 991 1958 factum
1035 1895 1148 1974 probe.
1209 1893 1289 1974 Quis
1330 1894 1422 1958 cuim
1459 1893 1513 1958 vel

53 2011 249 2095 consuetudo.
263 2014 386 2074 natura
416 2010 601 2089 instigante
633 2026 695 2073 sua
722 2027 790 2073 non
814 2009 975 2089 repetat?
1022 2009 1097 2074 Mea
1120 2012 1160 2074 ut
1183 2010 1369 2091 reciperem
1392 2011 1516 2093 pignus

260 2126 384 2207 accepi.
447 2125 541 2205 Quae
579 2128 696 2189 autern
735 2125 826 2206 leges
866 2124 920 2189 vel
959 2141 1076 2190 sacrae
1112 2125 1166 2190 vel
1201 2124 1364 2204 profanae
1401 2127 1514 2207 pigno·

261 2243 428 2308 rationem
467 2259 534 2306 non
573 2242 811 2306 admiserunt?
857 2241 983 2305 Annon
1019 2245 1055 2306 et
1089 2241 1169 2305 milri
1206 2240 1305 2306 liceat
1340 2242 1397 2307 vel
1433 2242 1514 2307 dare

261 2360 390 2441 pignori
432 2358 487 2422 vel
530 2358 699 2440 accipere,
743 2357 832 2438 quod
871 2357 989 2421 multis
1025 2359 1106 2421 ante
1141 2374 1203 2422 nos
1238 2357 1384 2421 saeculis
1420 2358 1516 2422 licuit

261 2475 443 2540 omnibus?
479 2474 567 2552 quod
603 2474 636 2537 in
672 2474 763 2537 omni
799 2475 899 2553 gente
932 2476 967 2537 et
997 2473 1172 2538 hominum
1204 2473 1342 2537 natione
1372 2490 1515 2538 consue·

262 2591 378 2656 tudine
421 2607 597 2669 nunquam
640 2590 821 2670 reprobata
855 2592 1033 2653 servatum
1068 2589 1149 2653 est?
1196 2588 1323 2669 Pignus
1360 2588 1515 2654 oblatum

261 2705 433 2792 (fortassis
468 2704 597 2792 dicent)
632 2707 783 2785 accipere
817 2704 912 2788 licet,
948 2721 1016 2769 non
1048 2723 1083 2769 vr
1112 2704 1238 2771 tollere.
1286 2703 1321 2768 Si
1344 2703 1518 2792 (inquam)

261 2823 350 2887 ultro
381 2822 533 2886 dedisset
561 2821 791 2902 postulatum,
815 2821 1015 2900 neutiquam
1039 2821 1073 2885 vi
1097 2820 1331 2884 extorsissem.
1380 2821 1431 2884 At
1455 2837 1516 2902 per

261 2939 502 3018 magistratum
545 2941 607 3001 aut
649 2940 709 3002 tuo
752 2937 920 3001 arbitratu
959 2937 991 3000 id
1027 2936 1100 3000 fieri
1136 2936 1258 3000 deluere
1294 2936 1515 3001 contendent.

261 3055 391 3120 Verum
418 3054 594 3135 fortassis,
619 3053 683 3117 nisi
707 3056 807 3134 pacto
830 3056 1021 3133 spontaneo
1046 3052 1139 3132 prius
1162 3052 1251 3116 inter
1276 3067 1338 3115 nos
1361 3052 1413 3116 ita
1436 3069 1516 3116 con·

261 3171 433 3252 venisset,
465 3174 505 3234 ut
536 3171 640 3249 siquis
673 3173 829 3234 nostrum
852 3168 1074 3233 scholasticas
1097 3168 1190 3248 legas
1213 3168 1475 3248 praevaricatus
1495 3167 1515 3245 ¹)

261 3290 371 3369 esset,
396 3290 432 3351 et
455 3288 599 3351 multam
624 3287 817 3366 impositam
843 3285 1027 3365 requisitus
1050 3284 1184 3349 solvere
1204 3282 1437 3348 detrectasset
1453 3288 1516 3348 aut

261 3404 423 3468 solvendo
448 3420 516 3467 non
540 3406 651 3482 esset,
677 3402 797 3482 pignus
821 3401 850 3465 ei
874 3406 935 3465 aut
959 3399 1087 3465 volenti
1111 3401 1173 3464 aut
1189 3399 1318 3463 nolenti
1335 3398 1514 3463 tolleretur

261 3522 297 3583 et
321 3519 429 3584 cuivis
453 3521 610 3583 nostrum
634 3517 895 3582 custodiendum
918 3517 1127 3592 traderetur,
1154 3516 1235 3581 dum
1250 3514 1404 3580 solveret
1422 3514 1514 3594 quod

261 3635 409 3700 deberet.
458 3634 512 3698 lta
542 3637 698 3714 pactum,
731 3634 779 3697 sic
802 3637 997 3698 executum.
1046 3630 1204 3711 Nunquid
1229 3647 1298 3695 non
1323 3633 1359 3694 te
1382 3629 1514 3713 iudice,

261 3752 525 3833 prudentissime
553 3754 770 3831 praeceptor,
795 3748 970 3813 Petriscus
992 3748 1082 3828 ipse,
1108 3747 1165 3826 qui
1188 3748 1327 3827 pactum
1352 3749 1514 3810 nostrum

259 3869 393 3932 irritum
428 3868 527 3948 fecit,
559 3867 695 3931 sceleris
727 3864 1006 3930 condemnandus
1040 3863 1124 3928 est?
1157 3865 1194 3926 et
1224 3877 1303 3942 ego,
1333 3861 1390 3941 qui
1420 3861 1514 3926 iuste

260 3985 347 4065 quod
373 3984 504 4049 iustum
528 3987 581 4047 est
605 3984 773 4046 executus
797 3997 892 4056 sum,
910 3979 1058 4044 criminis
1074 3975 1331 4042 absolvendus?
1347 3975 1512 4058 Nunquid

261 4120 327 4165 non
367 4101 471 4164 etiam
511 4098 734 4178 Evangelicus
774 4096 995 4176 paterfamilis
1035 4096 1329 4173 murmurantem,
1366 4092 1515 4173 plusque

261 4216 426 4280 mercedis
469 4216 663 4294 exigentem
706 4213 895 4293 operarium
939 4212 1055 4276 durius
1098 4209 1287 4289 redarguit,
1333 4211 1369 4272 et
1413 4209 1517 4274 iuxta

300 4613 319 4671 ¹)
339 4607 541 4662 Prmruricuri
560 4607 637 4673 apud
660 4605 745 4659 llacr.
765 4607 800 4658 ut
818 4605 895 4671 apud
918 4603 1136 4658 E‹·closiasticos
1155 4602 1233 4656 idern
1248 4602 1401 4668 astatque
1417 4600 1517 4668 legem

259 4699 377 4752 violare.
