3270 5310
875 396 916 458 32

308 586 489 641 Esoasrnus.
704 587 806 641 eodem
827 588 911 653 pacto
931 589 966 641 ut
984 587 1088 642 comici
1108 587 1185 641 servi
1205 586 1303 641 solent
1321 587 1467 642 coniciam
1488 589 1525 642 in

396 682 505 737 collum
525 682 657 749 pallium.
695 681 746 751 (cf.
765 682 847 749 capt.
868 683 920 738 789
938 683 1070 738 coniecto
1090 683 1209 751 quidem
1228 684 1275 737 est
1295 683 1402 751 pallio).

316 807 423 871 Aluta
446 808 521 873 292.
570 806 807 888 Spermologus
832 807 993 888 Harpaga
1016 807 1178 887 collegam
1200 806 1329 871 frustra
1349 824 1522 887 quaerens

270 921 543 1002 indignabundus
566 923 754 987 exclamat:

538 1046 646 1115 Ignoro
665 1047 768 1101 tamen
787 1046 837 1100 ubi
857 1046 963 1101 nebulo
982 1060 1047 1100 sese
1065 1046 1273 1116 abstruserit,.

538 1143 590 1198 Cui
610 1158 641 1199 se
661 1144 785 1212 popinae
804 1143 945 1198 fornicive
963 1143 1138 1199 immerserit.

537 1241 614 1295 Nam
633 1255 763 1309 ganeum
782 1240 907 1295 lustravi
928 1255 1024 1295 unum
1042 1242 1074 1295 et
1092 1241 1230 1296 alterum.

316 1362 470 1444 Georgus
501 1380 634 1444 quoque
663 1365 697 1429 in
721 1366 888 1431 Andrisca
912 1365 1019 1430 simile
1044 1365 1121 1445 quid
1147 1365 1188 1429 de
1212 1365 1305 1430 Pono
1329 1381 1431 1430 servo
1455 1382 1521 1430 suo

270 1478 465 1559 suspicatur
487 1477 591 1566 (1165
616 1481 716 1569 sqq).

468 1623 517 1675 An
536 1636 596 1676 non
615 1637 668 1690 ego
686 1623 846 1690 insipiens,
865 1623 999 1679 famelico
1018 1625 1083 1679 viro

466 1716 520 1783 Qui
540 1721 698 1786 argentum
716 1721 753 1774 ad
772 1734 871 1775 assam
891 1735 1009 1775 carnem
1029 1721 1186 1776 emendam
1206 1720 1333 1776 credidi?

465 1814 502 1868 Se
521 1815 663 1884 immerget
681 1817 745 1884 ipso
764 1817 796 1871 in
815 1832 923 1887 ganeo,
942 1819 1032 1886 atque
1052 1817 1161 1884 proelia

466 1910 581 1967 Iudicat
600 1913 679 1968 hosti
700 1915 843 1969 maxima.

316 2031 396 2112 Quis
424 2038 543 2146 autem
566 2040 602 2101 et
626 2037 841 2119 spermologo
865 2042 902 2103 et
926 2039 1057 2120 Georgo
1081 2039 1170 2104 hunc
1194 2040 1352 2105 timorem
1375 2041 1519 2105 iniecit?

270 2148 511 2216 Menaechmus
534 2151 713 2217 Plautinus
737 2151 816 2240 (701
843 2153 942 2240 sqq.).

501 2293 599 2347 Nimis
618 2295 711 2349 stulte
730 2296 842 2350 dudum
862 2294 932 2359 feci,
952 2310 1042 2364 quom
1062 2297 1269 2365 marsuppium

465 2449 467 2454 ,
501 2391 677 2446 Messenioni
697 2406 765 2446 cum
784 2394 908 2460 argento
927 2392 1099 2448 concredidi.

500 2487 643 2542 immersu
661 2488 760 2557 aliquo
779 2504 858 2559 sese,
878 2490 978 2553 credo,
997 2490 1029 2543 in
1047 2504 1186 2557 ganeum.

300 2606 379 2663 Bass.
401 2609 461 2665 144,
497 2610 528 2666 Si
547 2611 723 2666 detulissem
741 2613 851 2667 divitas
869 2613 1055 2680 gravioribus

499 2707 649 2763 Obnoxios
668 2708 860 2774 facinoribus,
880 2725 954 2778 quos
974 2710 1101 2777 pensiles

499 2804 630 2861 Fecisset
648 2806 681 2860 in
700 2806 827 2861 furnario
846 2809 902 2862 cet.

500 2901 648 2970 Cogitavit
668 2904 753 2959 Macr.
773 2905 809 2958 de
829 2905 927 2971 pernis
948 2919 1039 2974 „quae
1058 2905 1189 2971 pendent
1207 2906 1415 2961 indemnatae”

1105 3002 1198 3070 (Capt.
1217 3001 1291 3070 908).

312 3121 498 3187 Rebellium
533 3126 570 3188 et
600 3125 726 3189 Alutae
758 3126 911 3206 prologos
942 3125 1082 3191 Poenuli
1112 3125 1288 3207 prologum
1318 3127 1516 3208 exemplum

267 3236 426 3303 habuisse
460 3240 529 3303 iam
563 3240 761 3306 observavit
791 3241 908 3324 Bolte;
939 3245 1037 3322 patet
1067 3241 1130 3306 hoc
1157 3245 1194 3306 et
1217 3259 1262 3307 ex
1285 3244 1360 3306 tota
1383 3260 1516 3325 compo

267 3353 389 3418 sitione
432 3359 468 3420 et
502 3373 546 3420 ex
581 3356 805 3421 locutionibus
841 3357 1022 3434 nonnullis,
1060 3357 1178 3437 quales
1212 3362 1295 3423 sunt
1329 3358 1516 3440 imperator

266 3468 444 3550 histricus,
474 3470 628 3536 Dictator
650 3476 749 3536 actus
773 3476 809 3537 et
832 3472 998 3553 choragus
1017 3472 1037 3551 ¹)
1062 3473 1196 3553 comici,
1220 3473 1332 3538 edicta
1354 3473 1514 3556 bisulca,

264 3585 520 3651 interdictiones
543 3586 720 3668 bisilicas,
744 3587 928 3668 imperator
951 3589 1117 3670 comicus,
1134 3606 1202 3653 non
1218 3605 1276 3653 ero
1292 3589 1378 3654 alius
1393 3589 1513 3677 (Poen.

269 3703 332 3766 126
367 3702 453 3766 alius
488 3720 578 3767 nunc
613 3703 684 3767 fieri
719 3704 830 3784 volo);
867 3703 1028 3768 nonnulla
1062 3709 1180 3769 tamen
1210 3721 1256 3769 ex
1286 3704 1360 3771 aliis
1391 3705 1514 3771 fabulis

266 3821 405 3898 sumpta
427 3818 611 3898 admiscet,
635 3821 676 3882 ut
699 3820 894 3900 choragium
917 3821 1084 3884 comicum
1106 3818 1219 3907 (Capt.
1245 3818 1313 3908 61).

310 3933 392 3999 Reb.
424 3935 489 3998 278
521 3934 688 4016 Dyscolus
717 3936 944 4016 condiscipulo
967 3936 1145 4016 colaphum
1168 3936 1324 4017 impingit
1347 3954 1425 4001 cum
1449 3937 1513 4002 hac

265 4049 388 4113 blanda
411 4051 691 4130 interrogatione:
720 4051 789 4134 „En
814 4052 877 4116 hoc
901 4051 1087 4116 volebas?''
1111 4049 1169 4138 (ci.
1194 4051 1295 4120 Most.
1319 4053 1368 4132 9).
1409 4083 1413 4097 ·

303 4272 324 4331 1]
350 4268 501 4336 choragus
528 4271 632 4323 tamen
659 4270 736 4336 apud
765 4269 907 4324 Plautum
931 4270 989 4325 alio
1013 4284 1104 4325 sensu
1123 4272 1299 4339 usurpatur;
1318 4273 1366 4326 est
1384 4272 1467 4326 enim
1486 4272 1514 4326 is

265 4357 315 4424 qui
336 4357 532 4412 histrionibus
551 4359 727 4413 ornamenta
746 4357 831 4412 locat.

300 4445 381 4501 01110.
400 4447 461 4501 464.
480 4446 572 4502 (laos.
592 4446 776 4501 ornamenta
795 4460 869 4513 quae
888 4446 979 4502 locavi
1000 4449 1102 4502 metuo
1121 4449 1156 4502 ut
1176 4448 1288 4514 possim
1307 4448 1443 4515 recipere.

301 4535 380 4589 Trin.
408 4536 461 4590 858
487 4536 551 4603 ipse
579 4537 755 4590 ornamenta
783 4549 801 4588 a
828 4535 954 4603 chorago
980 4537 1051 4591 baec
1070 4536 1202 4602 sumpsit
1220 4550 1274 4590 suo
1294 4536 1432 4603 periculo.
1469 4537 1511 4592 of.

264 4623 433 4679 Persa159.
