<?xml version="1.0" encoding="UTF-8"?>
<!DOCTYPE html PUBLIC "-//W3C//DTD XHTML 1.0 Transitional//EN"
    "http://www.w3.org/TR/xhtml1/DTD/xhtml1-transitional.dtd">
<html xmlns="http://www.w3.org/1999/xhtml" xml:lang="en" lang="en">
 <head>
  <title>
</title>
<meta http-equiv="Content-Type" content="text/html;charset=utf-8" />
  <meta name='ocr-system' content='tesseract 3.04.00' />
  <meta name='ocr-capabilities' content='ocr_page ocr_carea ocr_par ocr_line ocrx_word'/>
</head>
<body>
  <div class='ocr_page' id='page_1' title='image "./dedictionegeorg00macrgoog_0186.png"; bbox 0 0 3270 5310; ppageno 0'>
   <div class='ocr_carea' id='block_1_1' title="bbox 730 412 789 475">
    <p class='ocr_par' dir='ltr' id='par_1_1' title="bbox 730 412 789 475">
     <span class='ocr_line' id='line_1_1' title="bbox 730 412 789 475; baseline 0 -1"><span class='ocrx_word' id='word_1_1' title='bbox 730 412 789 475; x_wconf 84' lang='lat'>167</span> 
     </span>
    </p>
   </div>
   <div class='ocr_carea' id='block_1_2' title="bbox 449 601 1081 1030">
    <p class='ocr_par' dir='ltr' id='par_1_2' title="bbox 449 601 1081 1030">
     <span class='ocr_line' id='line_1_2' title="bbox 494 601 970 686; baseline 0.006 -20"><span class='ocrx_word' id='word_1_2' title='bbox 494 601 605 667; x_wconf 87' lang='lat' dir='ltr'>Mores</span> <span class='ocrx_word' id='word_1_3' title='bbox 628 607 810 683; x_wconf 87' lang='lat' dir='ltr'>parentum</span> <span class='ocrx_word' id='word_1_4' title='bbox 833 604 970 686; x_wconf 85' lang='lat' dir='ltr'>lubrici,</span> 
     </span>
     <span class='ocr_line' id='line_1_3' title="bbox 449 718 987 802; baseline 0.007 -20"><span class='ocrx_word' id='word_1_5' title='bbox 449 718 678 799; x_wconf 81' lang='lat' dir='ltr'>Amplectitur</span> <span class='ocrx_word' id='word_1_6' title='bbox 701 736 787 800; x_wconf 89' lang='lat' dir='ltr'>quos</span> <span class='ocrx_word' id='word_1_7' title='bbox 810 721 987 802; x_wconf 61' lang='lat' dir='ltr'>puerulus</span> 
     </span>
     <span class='ocr_line' id='line_1_4' title="bbox 450 834 953 916; baseline 0.002 -17"><span class='ocrx_word' id='word_1_8' title='bbox 450 834 561 899; x_wconf 87' lang='lat' dir='ltr'>Nimia</span> <span class='ocrx_word' id='word_1_9' title='bbox 584 851 719 914; x_wconf 90' lang='lat' dir='ltr'>quoque</span> <span class='ocrx_word' id='word_1_10' title='bbox 741 835 953 916; x_wconf 75' lang='lat' dir='ltr'>indulgentia</span> 
     </span>
     <span class='ocr_line' id='line_1_5' title="bbox 450 949 1081 1030; baseline 0.006 -16"><span class='ocrx_word' id='word_1_11' title='bbox 450 950 561 1015; x_wconf 87' lang='lat' dir='ltr'>Causa</span> <span class='ocrx_word' id='word_1_12' title='bbox 584 954 688 1030; x_wconf 86' lang='lat' dir='ltr'>atque</span> <span class='ocrx_word' id='word_1_13' title='bbox 712 949 821 1016; x_wconf 82' lang='lat' dir='ltr'>fornes</span> <span class='ocrx_word' id='word_1_14' title='bbox 844 953 996 1017; x_wconf 87' lang='lat' dir='ltr'>omnium</span> <span class='ocrx_word' id='word_1_15' title='bbox 1019 956 1081 1018; x_wconf 92' lang='lat' dir='ltr'>est.</span> 
     </span>
    </p>
   </div>
   <div class='ocr_carea' id='block_1_3' title="bbox 449 1117 1047 1530">
    <p class='ocr_par' dir='ltr' id='par_1_3' title="bbox 449 1117 1047 1530">
     <span class='ocr_line' id='line_1_6' title="bbox 493 1117 1022 1199; baseline 0.004 -17"><span class='ocrx_word' id='word_1_16' title='bbox 493 1117 557 1182; x_wconf 92' lang='lat' dir='ltr'>His</span> <span class='ocrx_word' id='word_1_17' title='bbox 580 1119 696 1199; x_wconf 91' lang='lat' dir='ltr'>itaque</span> <span class='ocrx_word' id='word_1_18' title='bbox 720 1137 788 1183; x_wconf 91' lang='lat' dir='ltr'>non</span> <span class='ocrx_word' id='word_1_19' title='bbox 812 1120 1022 1186; x_wconf 78' lang='lat' dir='ltr'><strong>medebimur</strong></span> 
     </span>
     <span class='ocr_line' id='line_1_7' title="bbox 449 1234 1047 1317; baseline 0 -18"><span class='ocrx_word' id='word_1_20' title='bbox 449 1234 521 1299; x_wconf 90' lang='lat' dir='ltr'>Nisi</span> <span class='ocrx_word' id='word_1_21' title='bbox 545 1238 620 1298; x_wconf 85' lang='lat' dir='ltr'>tum</span> <span class='ocrx_word' id='word_1_22' title='bbox 644 1239 844 1317; x_wconf 87' lang='lat' dir='ltr'>parentum,</span> <span class='ocrx_word' id='word_1_23' title='bbox 869 1238 945 1300; x_wconf 89' lang='lat' dir='ltr'>tum</span> <span class='ocrx_word' id='word_1_24' title='bbox 969 1236 1047 1301; x_wconf 88' lang='lat' dir='ltr'>honi</span> 
     </span>
     <span class='ocr_line' id='line_1_8' title="bbox 450 1349 933 1431; baseline 0.002 -18"><span class='ocrx_word' id='word_1_25' title='bbox 450 1349 618 1414; x_wconf 88' lang='lat' dir='ltr'>Didascali</span> <span class='ocrx_word' id='word_1_26' title='bbox 643 1350 715 1415; x_wconf 90' lang='lat' dir='ltr'>vita</span> <span class='ocrx_word' id='word_1_27' title='bbox 739 1351 873 1431; x_wconf 84' lang='lat' dir='ltr'>integra</span> <span class='ocrx_word' id='word_1_28' title='bbox 896 1354 933 1416; x_wconf 88' lang='lat' dir='ltr'>et</span> 
     </span>
     <span class='ocr_line' id='line_1_9' title="bbox 451 1466 865 1530; baseline 0 0"><span class='ocrx_word' id='word_1_29' title='bbox 451 1466 667 1530; x_wconf 77' lang='lat' dir='ltr'>correctione</span> <span class='ocrx_word' id='word_1_30' title='bbox 691 1467 865 1530; x_wconf 84' lang='lat' dir='ltr'>acerrima.</span> 
     </span>
    </p>
   </div>
   <div class='ocr_carea' id='block_1_4' title="bbox 449 1633 955 2062">
    <p class='ocr_par' dir='ltr' id='par_1_4' title="bbox 449 1633 955 2062">
     <span class='ocr_line' id='line_1_10' title="bbox 495 1633 919 1715; baseline -0.002 -16"><span class='ocrx_word' id='word_1_31' title='bbox 495 1633 666 1709; x_wconf 78' lang='lat' dir='ltr'>Stultitia,</span> <span class='ocrx_word' id='word_1_32' title='bbox 692 1635 720 1697; x_wconf 89' lang='lat' dir='ltr'>si</span> <span class='ocrx_word' id='word_1_33' title='bbox 744 1633 849 1715; x_wconf 84' lang='lat' dir='ltr'>ligata</span> <span class='ocrx_word' id='word_1_34' title='bbox 871 1635 919 1698; x_wconf 92' lang='lat' dir='ltr'>sit</span> 
     </span>
     <span class='ocr_line' id='line_1_11' title="bbox 449 1749 955 1839; baseline -0.002 -24"><span class='ocrx_word' id='word_1_35' title='bbox 449 1749 677 1836; x_wconf 86' lang='lat' dir='ltr'>(Schlomonis</span> <span class='ocrx_word' id='word_1_36' title='bbox 700 1767 743 1814; x_wconf 85' lang='lat' dir='ltr'>ex</span> <span class='ocrx_word' id='word_1_37' title='bbox 767 1749 955 1839; x_wconf 86' lang='lat' dir='ltr'>sententia)</span> 
     </span>
     <span class='ocr_line' id='line_1_12' title="bbox 450 1865 909 1956; baseline 0.002 -26"><span class='ocrx_word' id='word_1_38' title='bbox 450 1865 489 1930; x_wconf 92' lang='lat' dir='ltr'>In</span> <span class='ocrx_word' id='word_1_39' title='bbox 514 1866 613 1956; x_wconf 89' lang='lat' dir='ltr'>corde</span> <span class='ocrx_word' id='word_1_40' title='bbox 637 1866 750 1945; x_wconf 90' lang='lat' dir='ltr'>pueri,</span> <span class='ocrx_word' id='word_1_41' title='bbox 775 1867 909 1948; x_wconf 81' lang='lat' dir='ltr'>virgula</span> 
     </span>
     <span class='ocr_line' id='line_1_13' title="bbox 450 1981 834 2062; baseline 0.008 -17"><span class='ocrx_word' id='word_1_42' title='bbox 450 1981 627 2047; x_wconf 75' lang='lat' dir='ltr'>severiore</span> <span class='ocrx_word' id='word_1_43' title='bbox 651 1982 834 2062; x_wconf 82' lang='lat' dir='ltr'>fugabitur.</span> 
     </span>
    </p>
   </div>
   <div class='ocr_carea' id='block_1_5' title="bbox 450 2149 1041 2564">
    <p class='ocr_par' dir='ltr' id='par_1_5' title="bbox 450 2149 1041 2564">
     <span class='ocr_line' id='line_1_14' title="bbox 496 2149 1039 2231; baseline 0 -17"><span class='ocrx_word' id='word_1_44' title='bbox 496 2149 584 2214; x_wconf 87' lang='lat' dir='ltr'>Nam</span> <span class='ocrx_word' id='word_1_45' title='bbox 609 2149 741 2231; x_wconf 84' lang='lat' dir='ltr'>virgula</span> <span class='ocrx_word' id='word_1_46' title='bbox 764 2151 846 2215; x_wconf 89' lang='lat' dir='ltr'>dum</span> <span class='ocrx_word' id='word_1_47' title='bbox 870 2150 1039 2230; x_wconf 80' lang='lat' dir='ltr'>caeditur,</span> 
     </span>
     <span class='ocr_line' id='line_1_15' title="bbox 450 2265 1010 2346; baseline 0 -16"><span class='ocrx_word' id='word_1_48' title='bbox 450 2265 525 2330; x_wconf 90' lang='lat' dir='ltr'>Non</span> <span class='ocrx_word' id='word_1_49' title='bbox 551 2283 672 2346; x_wconf 72' lang='lat' dir='ltr'>cornus</span> <span class='ocrx_word' id='word_1_50' title='bbox 694 2265 806 2346; x_wconf 85' lang='lat' dir='ltr'>ipsum</span> <span class='ocrx_word' id='word_1_51' title='bbox 831 2265 1010 2346; x_wconf 86' lang='lat' dir='ltr'>occiditur,</span> 
     </span>
     <span class='ocr_line' id='line_1_16' title="bbox 452 2381 861 2462; baseline 0.005 -17"><span class='ocrx_word' id='word_1_52' title='bbox 452 2381 518 2446; x_wconf 82' lang='lat' dir='ltr'>Sed</span> <span class='ocrx_word' id='word_1_53' title='bbox 542 2382 706 2446; x_wconf 84' lang='lat' dir='ltr'>liberatur</span> <span class='ocrx_word' id='word_1_54' title='bbox 728 2382 861 2462; x_wconf 84' lang='lat' dir='ltr'>ignibus</span> 
     </span>
     <span class='ocr_line' id='line_1_17' title="bbox 453 2497 1041 2564; baseline 0.003 -2"><span class='ocrx_word' id='word_1_55' title='bbox 453 2497 548 2562; x_wconf 86' lang='lat' dir='ltr'>Caesi</span> <span class='ocrx_word' id='word_1_56' title='bbox 572 2498 686 2562; x_wconf 89' lang='lat' dir='ltr'>anima</span> <span class='ocrx_word' id='word_1_57' title='bbox 709 2498 885 2563; x_wconf 85' lang='lat' dir='ltr'>horrendis</span> <span class='ocrx_word' id='word_1_58' title='bbox 908 2498 1041 2564; x_wconf 89' lang='lat' dir='ltr'>tartari.</span> 
     </span>
    </p>
   </div>
   <div class='ocr_carea' id='block_1_6' title="bbox 451 2664 1072 3094">
    <p class='ocr_par' dir='ltr' id='par_1_6' title="bbox 451 2664 1072 3094">
     <span class='ocr_line' id='line_1_18' title="bbox 497 2664 1072 2746; baseline -0.003 -15"><span class='ocrx_word' id='word_1_59' title='bbox 497 2664 659 2746; x_wconf 79' lang='lat' dir='ltr'>Quamvis</span> <span class='ocrx_word' id='word_1_60' title='bbox 682 2667 773 2730; x_wconf 89' lang='lat' dir='ltr'>enim</span> <span class='ocrx_word' id='word_1_61' title='bbox 797 2666 1003 2746; x_wconf 89' lang='lat' dir='ltr'>impossibile</span> <span class='ocrx_word' id='word_1_62' title='bbox 1026 2666 1072 2730; x_wconf 88' lang='lat' dir='ltr'>sit</span> 
     </span>
     <span class='ocr_line' id='line_1_19' title="bbox 451 2782 1010 2865; baseline 0 -19"><span class='ocrx_word' id='word_1_63' title='bbox 451 2782 625 2862; x_wconf 81' lang='lat' dir='ltr'>corrigere</span> <span class='ocrx_word' id='word_1_64' title='bbox 649 2798 752 2862; x_wconf 88' lang='lat' dir='ltr'>quern</span> <span class='ocrx_word' id='word_1_65' title='bbox 776 2783 860 2847; x_wconf 90' lang='lat' dir='ltr'>deus</span> <span class='ocrx_word' id='word_1_66' title='bbox 884 2783 1010 2865; x_wconf 85' lang='lat' dir='ltr'>oderit,</span> 
     </span>
     <span class='ocr_line' id='line_1_20' title="bbox 451 2898 1037 2980; baseline 0.003 -18"><span class='ocrx_word' id='word_1_67' title='bbox 451 2898 652 2963; x_wconf 72' lang='lat' dir='ltr'>caedendus</span> <span class='ocrx_word' id='word_1_68' title='bbox 675 2901 729 2962; x_wconf 86' lang='lat' dir='ltr'>est</span> <span class='ocrx_word' id='word_1_69' title='bbox 753 2901 870 2962; x_wconf 89' lang='lat' dir='ltr'>tamen</span> <span class='ocrx_word' id='word_1_70' title='bbox 894 2898 1037 2980; x_wconf 89' lang='lat' dir='ltr'>impius,</span> 
     </span>
     <span class='ocr_line' id='line_1_21' title="bbox 452 3012 1039 3094; baseline 0.003 -16"><span class='ocrx_word' id='word_1_71' title='bbox 452 3012 524 3094; x_wconf 77' lang='lat' dir='ltr'>Quo</span> <span class='ocrx_word' id='word_1_72' title='bbox 547 3014 698 3078; x_wconf 85' lang='lat' dir='ltr'>habeant</span> <span class='ocrx_word' id='word_1_73' title='bbox 722 3014 879 3079; x_wconf 87' lang='lat' dir='ltr'>timorem</span> <span class='ocrx_word' id='word_1_74' title='bbox 903 3015 1039 3080; x_wconf 84' lang='lat' dir='ltr'>caeteri.</span> 
     </span>
    </p>
   </div>
   <div class='ocr_carea' id='block_1_7' title="bbox 279 3376 1146 3514">
    <p class='ocr_par' dir='ltr' id='par_1_7' title="bbox 279 3376 1146 3514">
     <span class='ocr_line' id='line_1_22' title="bbox 279 3376 1146 3514; baseline 0 -20"><span class='ocrx_word' id='word_1_75' title='bbox 279 3376 282 3380; x_wconf 13' lang='grc' dir='ltr'>ι</span> <span class='ocrx_word' id='word_1_76' title='bbox 375 3418 509 3495; x_wconf 80' lang='lat' dir='ltr'>Actus</span> <span class='ocrx_word' id='word_1_77' title='bbox 548 3418 718 3495; x_wconf 73' lang='lat' dir='ltr'>tertius</span> <span class='ocrx_word' id='word_1_78' title='bbox 794 3416 959 3496; x_wconf 84' lang='lat' dir='ltr'>Scaena</span> <span class='ocrx_word' id='word_1_79' title='bbox 997 3417 1146 3514; x_wconf 85' lang='lat' dir='ltr'>prima.</span> 
     </span>
    </p>
   </div>
   <div class='ocr_carea' id='block_1_8' title="bbox 659 3626 865 3636">
    <p class='ocr_par' dir='ltr' id='par_1_8' title="bbox 659 3626 865 3636">
     <span class='ocr_line' id='line_1_23' title="bbox 659 3626 865 3636; baseline -0.019 0"><span class='ocrx_word' id='word_1_80' title='bbox 659 3626 865 3636; x_wconf 77' lang='grc'><strong><em>...-.---</em></strong></span> 
     </span>
    </p>
   </div>
   <div class='ocr_carea' id='block_1_9' title="bbox 548 3780 975 3846">
    <p class='ocr_par' dir='ltr' id='par_1_9' title="bbox 548 3780 975 3846">
     <span class='ocr_line' id='line_1_24' title="bbox 548 3780 975 3846; baseline 0.007 -3"><span class='ocrx_word' id='word_1_81' title='bbox 548 3781 732 3846; x_wconf 84' lang='lat' dir='ltr'>Liruaeus.</span> <span class='ocrx_word' id='word_1_82' title='bbox 780 3780 975 3846; x_wconf 79' lang='lat' dir='ltr'>Pararscus.</span> 
     </span>
    </p>
   </div>
   <div class='ocr_carea' id='block_1_10' title="bbox 664 3998 860 4082">
    <p class='ocr_par' dir='ltr' id='par_1_10' title="bbox 664 3998 860 4082">
     <span class='ocr_line' id='line_1_25' title="bbox 664 3998 860 4082; baseline 0.01 -18"><span class='ocrx_word' id='word_1_83' title='bbox 664 3998 860 4082; x_wconf 67' lang='lat' dir='ltr'>Septenaria</span> 
     </span>
    </p>
   </div>
   <div class='ocr_carea' id='block_1_11' title="bbox 137 4193 1321 4738">
    <p class='ocr_par' dir='ltr' id='par_1_11' title="bbox 137 4193 1321 4738">
     <span class='ocr_line' id='line_1_26' title="bbox 262 4193 1156 4275; baseline 0.001 -18"><span class='ocrx_word' id='word_1_84' title='bbox 262 4193 396 4258; x_wconf 87' lang='lat' dir='ltr'>Diutius</span> <span class='ocrx_word' id='word_1_85' title='bbox 420 4198 574 4258; x_wconf 87' lang='lat' dir='ltr'>moratus</span> <span class='ocrx_word' id='word_1_86' title='bbox 598 4196 651 4258; x_wconf 89' lang='lat' dir='ltr'>est</span> <span class='ocrx_word' id='word_1_87' title='bbox 675 4211 729 4258; x_wconf 88' lang='lat' dir='ltr'>me</span> <span class='ocrx_word' id='word_1_88' title='bbox 754 4193 883 4275; x_wconf 78' lang='lat' dir='ltr'>lauiuS,</span> <span class='ocrx_word' id='word_1_89' title='bbox 907 4196 946 4258; x_wconf 89' lang='lat' dir='ltr'>ut</span> <span class='ocrx_word' id='word_1_90' title='bbox 970 4193 1014 4256; x_wconf 90' lang='lat' dir='ltr'>dii</span> <span class='ocrx_word' id='word_1_91' title='bbox 1037 4209 1156 4258; x_wconf 88' lang='lat' dir='ltr'>omues</span> 
     </span>
     <span class='ocr_line' id='line_1_27' title="bbox 260 4308 1244 4390; baseline 0.001 -18"><span class='ocrx_word' id='word_1_92' title='bbox 260 4308 435 4374; x_wconf 88' lang='lat' dir='ltr'>Morentur</span> <span class='ocrx_word' id='word_1_93' title='bbox 458 4310 570 4390; x_wconf 88' lang='lat' dir='ltr'>ipsum</span> <span class='ocrx_word' id='word_1_94' title='bbox 593 4309 628 4373; x_wconf 91' lang='lat' dir='ltr'>iu</span> <span class='ocrx_word' id='word_1_95' title='bbox 653 4309 881 4374; x_wconf 80' lang='lat' dir='ltr'>distrahendis</span> <span class='ocrx_word' id='word_1_96' title='bbox 905 4308 1062 4373; x_wconf 89' lang='lat' dir='ltr'>carnibus</span> <span class='ocrx_word' id='word_1_97' title='bbox 1086 4308 1244 4373; x_wconf 84' lang='lat' dir='ltr'>vicissim.</span> 
     </span>
     <span class='ocr_line' id='line_1_28' title="bbox 137 4423 1321 4505; baseline -0.001 -17"><span class='ocrx_word' id='word_1_98' title='bbox 137 4425 212 4489; x_wconf 85' lang='lat'>540.</span> <span class='ocrx_word' id='word_1_99' title='bbox 261 4423 355 4505; x_wconf 77' lang='lat' dir='ltr'>Quod</span> <span class='ocrx_word' id='word_1_100' title='bbox 380 4426 596 4490; x_wconf 89' lang='lat' dir='ltr'>commodum</span> <span class='ocrx_word' id='word_1_101' title='bbox 619 4426 680 4490; x_wconf 88' lang='lat' dir='ltr'>sibi</span> <span class='ocrx_word' id='word_1_102' title='bbox 705 4425 822 4489; x_wconf 90' lang='lat' dir='ltr'>sedulo</span> <span class='ocrx_word' id='word_1_103' title='bbox 845 4424 1050 4505; x_wconf 84' lang='lat' dir='ltr'>investigat,</span> <span class='ocrx_word' id='word_1_104' title='bbox 1075 4426 1112 4488; x_wconf 88' lang='lat' dir='ltr'>at</span> <span class='ocrx_word' id='word_1_105' title='bbox 1135 4423 1224 4504; x_wconf 90' lang='lat' dir='ltr'>quod</span> <span class='ocrx_word' id='word_1_106' title='bbox 1248 4423 1321 4487; x_wconf 87' lang='lat' dir='ltr'>aliis</span> 
     </span>
     <span class='ocr_line' id='line_1_29' title="bbox 260 4538 1317 4621; baseline -0.004 -16"><span class='ocrx_word' id='word_1_107' title='bbox 260 4541 510 4621; x_wconf 87' lang='lat' dir='ltr'>Incommodet,</span> <span class='ocrx_word' id='word_1_108' title='bbox 535 4541 714 4621; x_wconf 86' lang='lat' dir='ltr'>perpendit</span> <span class='ocrx_word' id='word_1_109' title='bbox 737 4541 830 4621; x_wconf 88' lang='lat' dir='ltr'>ipsus</span> <span class='ocrx_word' id='word_1_110' title='bbox 854 4540 1063 4620; x_wconf 89' lang='lat' dir='ltr'>neutiquam.</span> <span class='ocrx_word' id='word_1_111' title='bbox 1110 4538 1199 4603; x_wconf 88' lang='lat' dir='ltr'>Nam</span> <span class='ocrx_word' id='word_1_112' title='bbox 1223 4542 1317 4603; x_wconf 88' lang='lat' dir='ltr'>certo</span> 
     </span>
     <span class='ocr_line' id='line_1_30' title="bbox 260 4654 1306 4738; baseline -0.003 -18"><span class='ocrx_word' id='word_1_113' title='bbox 260 4657 321 4721; x_wconf 83' lang='lat' dir='ltr'>Est</span> <span class='ocrx_word' id='word_1_114' title='bbox 345 4658 488 4737; x_wconf 87' lang='lat' dir='ltr'>certius,</span> <span class='ocrx_word' id='word_1_115' title='bbox 513 4658 541 4720; x_wconf 93' lang='lat' dir='ltr'>si</span> <span class='ocrx_word' id='word_1_116' title='bbox 565 4659 708 4721; x_wconf 83' lang='lat' dir='ltr'>vertera</span> <span class='ocrx_word' id='word_1_117' title='bbox 732 4656 895 4738; x_wconf 86' lang='lat' dir='ltr'>evadam,</span> <span class='ocrx_word' id='word_1_118' title='bbox 920 4657 1001 4721; x_wconf 89' lang='lat' dir='ltr'>hera</span> <span class='ocrx_word' id='word_1_119' title='bbox 1025 4672 1102 4719; x_wconf 88' lang='lat' dir='ltr'>mea</span> <span class='ocrx_word' id='word_1_120' title='bbox 1126 4654 1306 4719; x_wconf 86' lang='lat' dir='ltr'>maledicta</span> 
     </span>
    </p>
   </div>
   <div class='ocr_carea' id='block_1_12' title="bbox 0 0 1647 5310">
    <p class='ocr_par' dir='ltr' id='par_1_12' title="bbox 0 0 1647 5310">
     <span class='ocr_line' id='line_1_31' title="bbox 0 0 1647 5310; baseline 0 0"><span class='ocrx_word' id='word_1_121' title='bbox 0 0 1647 5310; x_wconf 95' lang='lat' dir='ltr'> </span> 
     </span>
    </p>
   </div>
  </div>
 </body>
</html>
