3270 5310
811 395 829 457 7

234 588 269 643 ln
288 587 395 642 mediis
415 587 553 656 syllabis:

393 685 429 739 In
449 685 556 739 mediis
576 686 685 753 produc
704 684 887 753 cochlacam,
907 684 1046 752 hippaco,
1065 684 1208 745 cloacam,

392 783 552 850 Iracunda,
573 796 709 838 meratus
727 795 796 836 cum
816 782 978 850 mustaclo,
997 796 1106 850 opacus

393 880 564 947 Pastinaoa,
584 879 698 948 petacia
717 880 785 947 quis
805 880 929 947 pistacia
948 879 1062 946 iunges.

392 977 430 1032 st
448 977 649 1046 portulacam,
667 991 843 1045 sampsacon
863 978 894 1031 et
912 991 930 1030 a
949 977 1026 1043 quod
1046 975 1167 1030 habebit

392 1076 474 1130 Ante
492 1075 609 1142 culum,
628 1074 708 1141 cula,
727 1073 789 1134 lus,
808 1088 878 1133 cous
896 1075 928 1128 et
946 1073 1010 1128 cius
1028 1072 1182 1129 adiectira.

232 1200 258 1252 A
277 1198 349 1253 ante
368 1213 387 1267 p
405 1199 437 1252 in
456 1198 563 1267 primis
581 1197 720 1265 syllabis:

391 1312 494 1381 Apher
513 1313 581 1368 edat
600 1327 722 1382 capunr,
741 1327 809 1367 cum
829 1312 964 1381 lapathe‚
983 1311 1117 1380 crapula,
1136 1311 1250 1382 lapam,

392 1411 490 1478 Papus
508 1424 577 1465 eum
598 1424 672 1478 papa
691 1411 782 1478 papst
800 1410 855 1464 sub
875 1409 1037 1478 papilione,

391 1507 596 1575 Paphlagonas
614 1521 719 1574 rapum
739 1508 770 1561 et
789 1508 960 1575 capsidem,
980 1506 1102 1575 vapulo.
1122 1520 1202 1574 sapo.

231 1628 340 1684 Eodem
360 1632 447 1686 modo
466 1632 581 1687 ceterae
600 1630 715 1686 vocales
733 1632 912 1687 tractantur.
951 1631 1004 1685 Ex.
1023 1645 1067 1699 gr.

229 1726 342 1782 Eante
361 1741 375 1780 s
395 1729 424 1781 in
447 1728 553 1794 primis
571 1727 707 1796 syllabis:

391 1824 576 1880 Thesaururn
596 1839 706 1880 vesane
725 1827 812 1880 tuum
833 1823 962 1880 vesicula
980 1826 1089 1880 condit.

231 1947 243 2000 l
263 1949 334 2002 ante
354 1947 363 2001 l
383 1949 414 2002 in
434 1920 540 2003 mediis
559 1948 697 2017 syllabis:

389 2062 604 2131 Condylonrata
622 2063 686 2118 sint
704 2063 736 2117 in
754 2062 839 2131 asylo
858 2078 926 2118 cum
947 2062 1098 2117 crocodilo.

231 2184 244 2238 l
263 2186 333 2239 ante
354 2201 373 2239 n
392 2185 425 2239 in
444 2186 551 2241 modiis
569 2185 709 2254 syllabis:

391 2283 426 2337 In
446 2284 558 2351 patinis
578 2285 751 2353 proserpina
770 2284 934 2340 sarcinulas
953 2283 1125 2339 trutinabit.

230 2406 271 2461 De
290 2420 411 2462 caesura
430 2422 490 2462 non
509 2407 650 2476 loquitur.
688 2408 865 2463 Invenimus
884 2409 987 2462 tamen
1007 2407 1092 2462 baec:

232 2503 360 2571 ,Versus
384 2519 401 2559 a
427 2506 569 2560 vertendo
594 2506 718 2576 dicitur,
744 2506 821 2573 quod
847 2505 995 2573 tantisper
1014 2504 1176 2559 vertendus
1195 2502 1236 2556 sit
1254 2502 1301 2565 (ut
1320 2500 1439 2567 qrridam

194 2600 311 2668 volunt)
339 2602 431 2657 donec
458 2604 538 2658 recte
566 2604 778 2659 constituatur.
816 2604 881 2658 Non
904 2603 984 2658 enim
1005 2602 1140 2672 (tametsi
1160 2601 1240 2655 iusta
1259 2599 1312 2665 sit)
1331 2597 1440 2667 pedum

193 2698 348 2766 dispositio
376 2701 407 2754 et
431 2701 608 2756 constitutio
628 2716 748 2756 versum
769 2703 847 2757 recte
865 2701 1039 2769 constituit;
1061 2701 1095 2754 ut
1113 2700 1235 2768 ineptus
1253 2698 1301 2751 est
1320 2709 1440 2750 versus:

390 2797 451 2851 Nos
470 2799 640 2866 praeceptor
659 2799 749 2853 iussit
767 2799 870 2853 doctos
888 2797 1014 2853 scribere
1034 2811 1147 2852 versus

230 2919 335 2987 Aptior
353 2920 411 2974 erit
430 2921 454 2974 si
475 2921 517 2976 sic
536 2923 651 2976 vertas:

407 3017 515 3073 Doctos
534 3020 705 3088 praeceptor
725 3033 779 3073 nos
798 3019 887 3074 iussit
907 3018 1034 3073 scribere
1053 3031 1166 3071 versus.

231 3137 373 3195 Brevitati
402 3155 434 3195 se
462 3142 583 3196 studere
601 3141 733 3196 affirmat
753 3142 801 3196 his
819 3142 932 3198 verbis:
952 3142 1103 3211 ,Prudens
1122 3140 1263 3194 omittam
1284 3138 1438 3206 poetarum

192 3238 393 3293 authoritates
421 3253 474 3293 seu
503 3240 692 3309 testimonia,
721 3254 759 3295 ne
787 3239 860 3295 liber
888 3239 1030 3308 prolixior
1059 3238 1112 3293 flat
1140 3251 1231 3305 quam
1249 3236 1281 3290 in
1301 3233 1439 3288 semestri

192 3336 345 3390 commode
373 3338 556 3404 exponatur.
586 3351 660 3392 neve
688 3339 789 3393 tenuis
818 3338 955 3393 fortunas
983 3333 1198 3391 adulescentuli
1227 3347 1279 3402 pro
1307 3345 1341 3386 eo
1366 3330 1442 3384 redi·

194 3432 301 3486 ruendo
333 3434 456 3501 genium
491 3449 581 3490 suurn
612 3435 747 3490 fraudare
777 3438 947 3504 cogantur”.
993 3434 1165 3489 laudantur
1199 3433 1302 3486 tamen
1336 3441 1442 3482 versus

193 3531 347 3596 poetarum
376 3532 453 3585 satis
481 3531 661 3602 multorum,
691 3533 854 3600 Euripidis
877 3532 991 3600 Plauti,
1010 3531 1156 3597 Terentii,
1175 3527 1297 3592 Catulli,
1318 3525 1440 3589 Tibulli,

193 3625 324 3696 Virgilii,
343 3627 454 3696 Ovidii,
473 3629 633 3698 Martialis,
649 3631 790 3699 Senecae,
809 3630 936 3699 Boethii,
950 3628 1117 3697 Claudiani,
1130 3625 1301 3695 Prudentii,
1314 3623 1440 3678 Erasini.

192 3724 387 3780 Grammatici
407 3727 540 3781 citantur
559 3727 694 3791 Servius,
714 3730 919 3796 Augustinus,
939 3728 1034 3783 Aldus
1054 3726 1215 3781 Manutius.

228 3848 397 3917 Simplex
425 3851 642 3906 disserendi
673 3853 781 3906 Ratio
810 3868 828 3907 a
856 3854 1017 3920 Georgia
1047 3852 1281 3920 hlacropedio
1301 3850 1441 3907 Traiec-

193 3947 298 4002 tinae
318 3949 518 4005 iuventuti
541 3953 795 4020 praescripta,
813 3952 933 4007 denuo
953 3948 1442 4018 p1·elomandata¹),reiectis

193 4047 394 4102 nonnullis
422 4049 633 4104 brevitatis
651 4051 793 4117 gratia,
813 4063 906 4118 quae
925 4049 963 4105 in
984 4050 1102 4117 priori
1122 4048 1295 4104 editione
1314 4047 1440 4100 minus

194 4148 411 4201 necessaria
432 4148 670 4203 videbantur.

686 4255 946 4323 Sylvaeducis.

229 4351 373 4407 Tertiis
391 4367 409 4406 a
428 4353 558 4408 schola
577 4352 735 4408 aedibus
754 4367 799 4407 ex
819 4353 980 4408 officina
1001 4354 1159 4408 loannis
1177 4367 1195 4406 a
1214 4351 1421 4407 Turnhout.

379 4454 486 4505 Anno
504 4466 522 4504 a
540 4451 696 4506 Christo
716 4453 805 4506 nato
827 4451 904 4506 1549.
941 4453 1067 4506 biensa
1086 4451 1247 4506 Octobri.

232 4645 252 4707 ¹)
272 4644 371 4698 Prirna
390 4646 480 4700 editio
501 4646 608 4712 prodiit
630 4647 800 4701 Busciducis
819 4648 896 4713 apud
916 4647 1084 4703 Hatardunr
1106 4648 1183 4703 loau.
