3270 5310
855 391 917 456 162

471 694 606 772 Actus
635 693 869 774 secundus,
924 690 1090 771 Scaena
1118 694 1283 790 quarta.

779 927 984 935 —---..-

349 1135 493 1201 Lonunn
517 1135 594 1201 duo.
629 1134 853 1199 Drmscnuus
891 1132 1055 1213 Discipuli
1080 1134 1164 1215 duc,
1200 1133 1429 1199 Porvmuuas

723 1253 760 1314 et
784 1248 1035 1314 Parnonarnus.

588 1442 711 1507 Versae
734 1445 918 1507 tetrametro?
941 1461 999 1507 sca
1023 1444 1192 1509 octonarii.

259 1638 335 1703 400.
383 1638 450 1702 Abi
484 1638 623 1701 domum
650 1637 846 1716 impudeuS,
877 1636 1051 1716 bonosque
1080 1636 1196 1701 desine
1220 1636 1390 1700 incessere
1414 1636 1512 1699 viros

382 1752 570 1833 Convitiis,
595 1752 693 1817 sinon
717 1752 805 1816 velis
828 1755 881 1830 (ut
906 1752 1045 1840 merita)
1068 1770 1143 1817 cras
1167 1752 1348 1818 traducier.

383 1868 486 1934 Salve
519 1868 699 1949 magisterl
747 1867 823 1934 Dru.
856 1867 994 1948 Vosque
1027 1871 1141 1949 avete,
1175 1868 1270 1948 probi
1294 1868 1378 1933 viril
1427 1869 1510 1933 Lon.

1240 1992 1305 2051 Tot
1330 1986 1463 2068 λυγκέος

384 2101 554 2181 'obductu
579 2097 616 2164 tl.
664 2098 738 2162 Dru.
768 2098 853 2179 Quid
871 2099 948 2162 ita?
970 2098 1050 2164 Loa.
1069 2098 1155 2179 Quia
1171 2099 1378 2179 probitatem
1395 2100 1511 2165 inesse

1297 2215 1464 2295 perspicis

384 2330 530 2410 Utrique
554 2333 729 2410 nostrum,
756 2347 858 2409 quam
882 2329 1049 2394 hactenus
1068 2331 1123 2395 vel
1140 2330 1240 2395 alteri
1257 2346 1357 2395 nemo
1372 2331 1508 2397 tribuit.

260 2446 335 2512 405.
383 2445 457 2512 Dm.
484 2445 618 2511 Facete.
643 2445 723 2510 Lon.
750 2444 833 2508 Erat
856 2462 934 2509 cum
959 2445 1100 2510 muliere
1124 2446 1214 2510 mala
1236 2443 1293 2532 (ut
1316 2446 1428 2524 video)
1444 2447 1508 2511 tibi

1273 2562 1461 2626 contentio.

380 2674 452 2739 Dru.
489 2674 560 2738 Nec
594 2674 628 2738 id
660 2674 858 2754 infrequens
890 2675 960 2739 ludi
994 2675 1186 2756 magistris,
1210 2677 1287 2757 quis
1310 2676 1464 2756 proiecto

1150 2792 1340 2857 miserrima
1364 2798 1419 2858 est

285 2912 287 2916 ’
381 2905 547 2971 Conditio.
580 2907 660 2973 Lon
686 2908 780 2971 Lites
803 2908 990 2973 redimeres
1013 2908 1092 2989 has,
1110 2908 1332 2990 vulpiumque
1349 2909 1512 2974 caederes

382 3021 560 3088 Peniculis.
585 3022 693 3087 Extra
716 3023 844 3088 iocum:
872 3024 953 3103 quid
977 3023 1154 3089 advocasti
1178 3042 1241 3089 nos
1263 3024 1373 3089 duos?

379 3137 506 3203 Nostra
532 3138 664 3218 indiges
688 3140 818 3218 opera?
843 3157 887 3203 an
911 3138 1056 3204 rebelles
1080 3155 1165 3219 quos
1188 3142 1326 3219 oportet
1341 3140 1464 3221 corrigi

258 3255 334 3319 410.
382 3252 463 3318 Sese
488 3254 652 3333 erigunt?
699 3254 772 3318 Dio.
791 3254 921 3318 Audite
940 3272 1012 3320 me:
1033 3255 1252 3319 meretricula
1268 3255 1302 3319 in
1315 3255 1442 3320 vicinio
1455 3260 1512 3321 est

381 3369 442 3433 Cui
467 3386 504 3434 se
527 3369 702 3449 applicant
726 3370 792 3433 duc
816 3386 860 3434 ex
884 3369 1100 3434 scholasticis
1124 3370 1210 3435 meis
1233 3371 1452 3451 nequissimi,

381 3483 472 3564 Quos
496 3484 713 3564 corrigendos
737 3485 818 3548 dum
843 3484 1003 3549 volebam
1026 3485 1212 3563 adducere,
1238 3485 1354 3551 obdito
1374 3487 1466 3550 ostio

380 3598 493 3663 Missis
517 3600 687 3679 lapidibus
711 3601 937 3679 propulerunt
960 3600 1118 3680 desuper.
1146 3601 1359 3682 Quapropter
1382 3605 1419 3667 et

381 3715 474 3795 Opus
500 3715 581 3779 mihi
607 3719 724 3780 vestra
748 3720 803 3779 est
826 3733 888 3795 ope
913 3718 950 3780 et
975 3717 1176 3798 pmdentia,
1200 3717 1261 3782 sed
1286 3717 1435 3782 maxime

258 3831 332 3897 415.
380 3831 605 3897 Authoritate
629 3831 772 3910 publica.
820 3832 901 3897 Lon.
925 3832 1126 3898 Iuvabimus
1149 3850 1209 3913 pro
1233 3833 1374 3900 viribus.

382 3946 568 4026 Praecede,
593 3947 658 4011 duc
681 3964 744 4012 nos
768 3947 811 4011 ad
834 3947 948 4012 locum
972 3948 1188 4030 certaminis,
1213 3948 1292 4028 quia
1315 3947 1449 4029 pugiles

382 4062 472 4126 Tuos
495 4061 613 4127 videre
636 4062 800 4144 perlibet,
826 4079 905 4127 cum
928 4062 1052 4142 quibus
1075 4066 1214 4143 oportet
1237 4063 1405 4144 congredi.

386 4177 458 4241 Dm.
485 4177 620 4243 Eamus.
669 4178 758 4243 Drsc.
782 4179 839 4242 An
863 4179 1106 4244 concedimus?
1152 4179 1228 4244 Dm.
1253 4178 1408 4259 Mauete,

1107 4293 1374 4373 praestolamini.

383 4408 460 4474 Por..
493 4407 589 4472 Vaeh
620 4408 759 4472 natibus
791 4410 895 4473 immo
928 4410 1122 4490 tergoribus
1153 4410 1239 4490 illis,
1264 4409 1388 4490 quibus
1412 4413 1469 4474 tot

1276 4525 1421 4589 verbera

261 4638 336 4704 420.
383 4638 642 4703 immorienturl
657 4638 789 4703 Horreo
807 4657 1008 4705 memorans.
1033 4641 1093 4721 Tu,
1111 4640 1270 4721 claviger,
1288 4640 1402 4720 virgas
1419 4657 1516 4721 para,
