3270 5310
852 423 895 487 38

358 620 416 673 110.
454 618 502 673 Sic
519 616 659 684 ampliter
677 615 830 672 consulere
849 617 961 671 nostris
980 616 1136 671 ventribus

454 714 527 768 Tam
545 713 707 768 inanibus?
726 713 773 768 Sp.
793 713 889 777 Scies,
908 728 1002 781 quum
1021 713 1222 781 aqualiculum
1244 714 1323 769 hunc
1342 714 1432 770 tuum

455 809 496 866 Ut
515 813 695 879 tympanum
716 811 878 865 extensum
897 811 960 865 cibo
981 810 1154 879 palpaveris.
1334 886 1336 889 ι

454 909 554 963 Haar.
591 910 640 962 An
660 922 744 977 vera,
763 907 966 977 spermologo,
985 908 1098 963 refers?
1136 909 1183 963 Sa.
1203 907 1376 963 verissima.

454 1006 553 1061 Hans.
590 1005 639 1059 Ita
658 1006 762 1060 sancta
780 1004 858 1060 faxit
877 1005 1080 1073 Saturitas11)

294 1181 439 1246 Parasiti
474 1186 614 1263 propter
648 1181 775 1246 famem
799 1184 835 1247 et
858 1181 1006 1262 inopiam
1031 1198 1276 1262 nonnunquam
1299 1182 1404 1248 animi
1429 1182 1501 1247 des-

250 1298 441 1379 pendentes
463 1296 506 1361 de
530 1297 613 1361 resti
637 1297 798 1377 cogitant.

482 1463 528 1519 Al.
550 1464 608 1519 192.
895 1465 1007 1519 Sanan.
1046 1463 1122 1519 Tute
1140 1464 1249 1519 emeris

482 1560 595 1616 Altilia.
615 1559 714 1616 Hiar.
735 1561 810 1616 Tute
829 1562 860 1615 te
880 1562 976 1629 magis
995 1562 1199 1629 suspenderisl

482 1659 534 1714 (lui
554 1672 608 1714 nec
626 1657 729 1713 obolus
748 1659 867 1726 quidem
886 1659 933 1713 est
952 1673 1010 1726 quo
1029 1659 1135 1712 restim
1154 1672 1263 1716 ernam.

297 1835 340 1899 111
363 1851 484 1900 revera
507 1851 543 1900 re
567 1834 751 1900 admodum
774 1838 922 1915 angusta
946 1837 1031 1899 sunt
1055 1834 1154 1901 domi.

377 2002 458 2057 Basa.
479 2001 541 2057 330.
579 2001 638 2056 Vix
658 2015 766 2069 panem
787 2001 877 2056 habet
894 2000 1056 2056 Creoborus
1075 2000 1124 2056 hic
1144 2015 1233 2069 quern
1251 2002 1383 2057 devoret.

299 2179 343 2243 Et
373 2187 413 2244 ut
443 2178 478 2242 in
508 2177 737 2243 Menaechmis
759 2176 941 2242 Peniculus
964 2177 1056 2242 domi
1080 2177 1198 2242 caricis
1221 2178 1293 2243 suis
1316 2180 1502 2243 contentus

255 2299 326 2375 001,
351 2295 399 2359 010
423 2295 457 2359 111
480 2294 628 2359 Bassam
652 2293 841 2358 Creoboms
864 2292 945 2356 nihil
967 2292 1072 2357 habet
1097 2294 1159 2358 nisi
1184 2292 1377 2374 iuglandes:

377 2461 458 2518 Bass.
479 2463 539 2519 160.
773 2461 881 2518 (10100.
902 2462 950 2516 Ita
969 2477 1018 2517 me
1037 2462 1121 2517 iuvet
1140 2463 1200 2517 Dea
1217 2462 1368 2518 Saturitas

448 2558 553 2625 Beata,
572 2561 689 2628 praeter
707 2559 860 2614 sacculum
880 2558 1067 2627 iuglandium

450 2695 588 2713 ......
607 2657 687 2711 domi
706 2659 754 2711 001
773 2656 858 2712 nihil.
896 2654 982 2711 Base.
1002 2655 1107 2711 Nihil?
1143 2655 1252 2710 (1111011.
1271 2654 1362 2710 Nihil.

299 2807 364 2872 Sed
396 2807 537 2871 simulac
568 2806 654 2870 bene
686 2805 849 2871 coenandi
882 2821 962 2886 spes
989 2804 1118 2870 affulsit
1141 2803 1293 2868 animum
1317 2803 1503 2885 recipiunt,

253 2927 289 2989 et
312 2923 520 3003 grandiloqui
544 2922 632 2987 flunt
653 2923 687 2985 in
711 2921 1023 3003 pollicitationibus
1047 2921 1170 3001 quibus
1195 2923 1309 2985 tamen
1328 2936 1503 2985 1101100111-

253 3055 314 3120 per
336 3038 439 3103 iidem
462 3038 610 3102 iaciunt:

290 3205 337 3261 Al.
359 3205 417 3260 181.
449 3205 561 3260 Sanan.
996 3204 1035 3258 Το
1055 3204 1218 3272 principem

450 3301 660 3371 spermologus
681 3301 728 3356 hic
746 3300 880 3356 facturus
898 3303 961 3365 eet,
981 3301 1006 3355 01
1026 3301 1201 3355 adsenseris.

450 3397 550 3454 Hiar.
570 3399 738 3455 Adsentior.
759 3399 839 3466 Quod
860 3399 984 3467 postea?
1004 3399 1051 3454 Sa.
1072 3399 1111 3454 Te
1130 3398 1259 3453 nobilem
1279 3398 1334 3453 1100

451 3497 503 3552 Die
522 3526 557 3535 —
576 3496 613 3551 Η.
633 3497 722 3551 licet.
741 3496 789 3552 Sr.
809 3496 919 3563 Regem
939 3526 974 3535 -
993 3497 1031 3551 Η.
1052 3497 1140 3551 Licet.
1160 3497 1207 3552 Sr.
1226 3496 1365 3551 Croesum
1384 3495 1468 3550 daho.

454 3592 490 3647 Η.
510 3597 627 3663 Apage,
645 3593 692 3648 vel
712 3592 824 3648 oletum
844 3592 933 3648 facito
952 3608 1016 3663 me,
1035 3594 1122 3648 modo
1141 3593 1325 3649 commodes!

451 3691 499 3746 Sa.
518 3691 579 3759 Ego
597 3691 681 3756 faxo,
700 3692 732 3745 in
750 3693 832 3759 ipsas
850 3691 947 3746 Croesi
966 3705 1037 3759 opes
1055 3705 1128 3745 mox
1146 3691 1258 3746 irruasl

453 3786 490 3841 H.
509 3790 552 3843 At
570 3789 674 3844 Croeso
694 3789 786 3844 misso
807 3803 887 3844 nunc
906 3788 952 3843 vel
973 3789 1112 3857 Harpaga
1130 3788 1248 3843 saturat

302 3939 351 4005 Ut
384 3939 475 4020 apud
511 3941 648 4004 veteres
682 3939 828 4003 comicos
865 3938 1005 4018 parasiti
1042 3955 1123 4018 prae
1159 3953 1265 4003 coena
1299 3935 1380 4001 nihil
1411 3935 1506 4001 ilocci

257 4055 398 4121 iaciunt.

297 4318 318 4384 ι)
347 4317 467 4372 Praeter
487 4317 628 4372 vocabula
647 4316 790 4372 nonnulla
802 4318 838 4372 de
854 4318 961 4386 quibus
973 4317 1052 4372 infra
1063 4317 1222 4371 dicendum
1236 4314 1306 4370 erit.
1321 4313 1384 4369 sola
1397 4314 1507 4370 locutio

258 4406 291 4459 in
319 4404 367 4459 his
395 4420 470 4474 quae
498 4405 596 4461 Plauti
624 4407 766 4461 admonet
794 4408 841 4461 001
861 4406 1034 4477 „perlitare
1054 4404 1227 4472 parasitica”
1247 4403 1337 4470 (capt.
1354 4402 1409 4458 469
1427 4401 1509 4458 ilicet

260 4494 433 4561 parasiticae
451 4494 509 4549 arti
524 4495 689 4549 maximam
704 4495 814 4549 malam
828 4499 963 4558 crucem).
989 4496 1084 4549 Lusus
1097 4508 1158 4548 non
1170 4492 1308 4560 illepidus
1320 4491 1353 4545 in
1365 4489 1508 4546 vocabulo

260 4582 393 4638 occidente
418 4583 565 4638 Plautinis
590 4584 661 4638 iocis
680 4583 853 4638 simillimus
872 4586 934 4653 001,
954 4597 1007 4638 nec
1026 4585 1128 4637 tamen
1148 4581 1225 4650 quod
1244 4580 1337 4636 sciam
1355 4581 1411 4634 aut
1428 4578 1508 4647 apud

261 4671 401 4727 Plautum
420 4674 474 4728 aut
491 4674 570 4740 apud
589 4673 762 4728 Terentium
781 4673 942 4728 invenitur.
