3270 5310
16 4884 100 4992 k

161 2299 213 2360 60.

387 1346 521 1423 Actus
558 1344 737 1442 primus.
819 1341 983 1422 Scaena
1020 1343 1171 1440 prima

679 1622 882 1629 ——-—-—-

457 1855 626 1920 Glunuus.
676 1854 871 1920 Parursous.
918 1854 1102 1919 eruuoua

260 2065 385 2146 Recta,
409 2065 578 2146 Petrisoe‚
602 2066 720 2130 ludum
746 2065 800 2129 adi
824 2065 1075 2130 scholasticum.

260 2179 434 2260 Quaedam
456 2182 654 2262 priusquam
680 2181 778 2245 abibo
802 2181 878 2245 lruio
902 2181 1130 2262 mandavero,

261 2296 375 2376 Atque
400 2297 433 2360 in
457 2297 636 2361 macellum
660 2300 782 2377 postea
805 2296 1016 2376 ablegavero

262 2411 362 2477 Para.
389 2411 542 2491 Quonam
566 2416 664 2494 pater
686 2411 934 2493 proficisceris?
959 2429 1042 2475 num
1065 2412 1199 2492 vesperi

263 2527 474 2593 Rediturus?
521 2528 604 2593 Gan.
628 2528 662 2591 id
686 2528 791 2592 refert
815 2531 876 2592 tua
898 2544 1038 2608 prorsus
1062 2527 1159 2607 nihil;

264 2643 314 2707 Tu
337 2647 432 2707 reeta
455 2644 508 2707 adi
531 2643 649 2709 ludum
674 2645 764 2708 ultro
785 2643 1006 2720 litterarium,

263 2757 506 2839 Didascaloque
530 2761 655 2824 nuncia
677 2777 732 2824 me
755 2760 824 2823 iam
847 2759 981 2839 adfore,

209 2927 215 2940 .
263 2874 317 2938 Ad
341 2891 481 2940 coenam
506 2875 597 2941 enim
620 2875 703 2939 mihi
727 2875 790 2940 hoo
813 2875 867 2939 die
890 2875 1090 2940 invitandus
1114 2879 1182 2954 est;

263 2990 354 3055 Cave
377 2991 628 3071 deprehendam
651 2991 772 3056 abesse
796 2993 832 3054 te
855 3008 934 3055 oum
957 3007 1092 3056 venero.

262 3106 363 3171 Peru.
388 3107 464 3172 Non
489 3107 738 3187 deprehendes;
763 3106 852 3172 unde
877 3107 986 3171 oritur
1008 3106 1091 3171 haec
1115 3106 1176 3170 tibi

263 3222 312 3288 De
335 3240 390 3287 me
414 3227 512 3302 pater
535 3223 735 3303 suspectio?
783 3223 866 3288 Gau.
892 3227 1026 3303 pareto,
1051 3223 1116 3288 abi.

262 3338 418 3418 Liturge,
442 3339 625 3415 adesdum,
651 3342 689 3402 ut
713 3355 799 3417 quae
824 3338 901 3402 volo
925 3342 961 3401 et
985 3337 1046 3402 tibi
1070 3338 1246 3417 imperem.

208 3506 214 3518 .
263 3454 332 3518 Lm.
358 3452 501 3518 Praesto
525 3456 580 3518 est
603 3453 782 3534 LiturguS,
806 3453 905 3534 here,
930 3453 1010 3534 quid
1034 3454 1157 3534 exequi
1181 3453 1306 3518 iubes?

264 3568 347 3632 Gru.
372 3568 434 3632 Sta
457 3568 629 3648 paululum
652 3569 733 3633 dum
757 3569 867 3634 abeat.
915 3568 1067 3633 Putasne
1090 3586 1173 3634 vera
1197 3575 1277 3633 sunt

264 3684 356 3765 Quae
380 3683 474 3748 intus
497 3684 580 3748 mihi
605 3685 646 3748 de
670 3684 738 3749 filio
762 3685 1011 3765 suggesseras?

264 3801 332 3865 Lru.
358 3796 418 3864 Pol
441 3817 541 3880 aegre
566 3803 601 3864 et
624 3800 794 3864 illibenter
817 3801 897 3864 here
921 3803 1062 3880 gnatum
1088 3805 1185 3866 tuum

264 3915 426 3980 insimulo
451 3915 573 3996 quovis
597 3915 757 3992 crimine,
782 3919 822 3979 ut
845 3931 946 3996 quem
971 3918 1050 3995 post
1073 3919 1133 3981 tua

186 4071 216 4097 .,
265 4030 348 4096 Fors
371 4031 445 4095 sata
467 4031 598 4096 habebo
622 4031 742 4096 herum
767 4029 930 4112 alterum,
956 4036 1184 4096 veruntamen

165 4611 218 4674 80.

265 4146 350 4211 Cum
374 4147 494 4210 deceat
518 4162 593 4210 esse
618 4146 694 4226 plus
718 4146 806 4227 patri
831 4163 933 4226 quam
957 4145 1023 4210 filio

265 4260 411 4327 Servum
435 4261 587 4341 fidelem,
612 4262 701 4341 quod
726 4278 788 4341 ego
812 4261 879 4325 iarn
903 4262 979 4342 plus
1003 4262 1130 4342 septies

265 4377 308 4441 Et
332 4377 622 4458 deprehenderam
644 4376 736 4441 haud
761 4377 842 4441 data
866 4394 968 4458 opera
991 4379 1027 4441 et
1052 4377 1202 4442 videram

266 4492 382 4557 Celare
407 4495 441 4556 te
465 4509 534 4556 non
558 4492 668 4558 debui.
718 4493 801 4559 Gon
827 4494 953 4574 probus
977 4510 1034 4571 es,
1059 4496 1095 4557 et
1119 4510 1180 4573 ego

266 4608 352 4673 Cum
376 4611 512 4688 tempus
536 4608 651 4689 exiget
677 4660 683 4673 .
712 4661 717 4673 .
744 4661 751 4675 .
778 4662 784 4674 .
832 4609 902 4674 er.
928 4625 1061 4673 morare
1085 4608 1333 4689 aliquantulum
