3270 5310
792 408 857 471 229

201 604 357 683 pactum,
382 618 449 681 qno
472 618 589 666 secum
614 605 839 682 convenerat,
863 602 1000 666 inanem
1023 607 1060 667 et
1083 619 1143 683 spe
1168 621 1231 668 sna
1246 603 1450 668 frustratum

84 736 130 777 nm
150 723 182 777 et
202 717 357 782 dimisit?
413 717 566 796 Denique
596 717 671 797 quis
704 717 844 781 tandem
875 717 930 781 vel
960 717 1113 798 iniquum
1145 718 1199 783 vel
1231 718 1450 783 inhonestum

84 807 148 848 11111.

202 834 257 900 vel
287 833 449 899 indecens
480 832 654 913 indicabit,
680 834 784 897 etiam
808 833 916 897 silex
940 833 1052 913 aliqua
1075 833 1189 899 durior
1211 834 1288 899 huic
1312 835 1451 914 negocio

202 950 410 1015 contrarium
434 965 557 1013 souare
581 948 758 1029 videatur,
783 949 811 1013 si
836 951 976 1030 cogatur
991 949 1039 1030 is,
1056 951 1113 1029 qui
1129 950 1256 1030 pariter
1272 950 1450 1014 nobiscum

201 1066 344 1131 aliorum
383 1081 469 1145 quae
510 1065 680 1129 debebant
720 1064 891 1146 impendia
925 1065 1104 1130 devoravit
1140 1068 1176 1130 et
1210 1065 1449 1147 ingurgitavit,

158 1175 160 1178 ’
201 1182 305 1246 etiarn
340 1197 403 1246 sua
438 1179 652 1261 impendere,
688 1183 724 1245 et
762 1180 852 1260 quod
886 1180 941 1244 alii
971 1185 1094 1262 sponte
1126 1180 1362 1252 contulerunt.
1395 1180 1449 1245 vel

201 1298 341 1362 coactus
387 1296 520 1360 solvere
560 1301 595 1360 et
635 1299 729 1360 stare
769 1296 974 1361 conventis?
1037 1290 1245 1361 Conveniam
1284 1299 1320 1360 et
1357 1297 1450 1376 ipsos

200 1413 352 1477 aemulos
376 1414 412 1477 et
438 1412 607 1477 delatores
631 1428 735 1477 meos.
765 1412 853 1494 Vos,
877 1412 1031 1492 inquam,
1048 1413 1213 1477 convenio
1230 1416 1267 1476 et
1282 1412 1324 1477 de
1341 1428 1449 1491 aequo

201 1532 238 1594 et
260 1529 348 1594 bono
372 1544 436 1593 vos
459 1528 615 1608 consulo,
641 1528 716 1608 qni,
741 1545 808 1608 quo
831 1527 898 1593 filio
921 1527 1058 1592 liberius
1081 1527 1303 1608 indulgeatis,
1320 1543 1449 1607 poenae

202 1662 256 1709 me
280 1645 438 1724 poscit1s;
463 1645 492 1708 si
517 1646 675 1708 vestrum
698 1644 770 1723 pari
794 1645 925 1708 ratione
949 1644 1123 1724 negotium
1147 1661 1225 1709 cnm
1241 1644 1450 1709 debitoribus

202 1763 377 1841 ageretur,
410 1759 489 1839 quid
519 1759 609 1824 alind
634 1760 819 1824 faceretis?
865 1758 1024 1840 Nunquid
1050 1777 1118 1825 non
1142 1776 1201 1825 eos
1224 1763 1317 1824 stare
1341 1760 1450 1824 condi·

201 1875 351 1941 tionibus
385 1878 420 1940 et
453 1875 564 1956 pactis
601 1875 821 1956 postularetis
856 1879 892 1941 et
927 1876 1027 1940 iuxta
1061 1875 1254 1940 condictum
1290 1876 1450 1956 quamvis

199 1991 317 2056 invitis
352 1992 476 2072 pignus
511 1991 700 2056 tolleretis?
757 1991 802 2055 Et
830 1992 888 2070 qni
918 2008 1058 2057 causam
1089 1991 1176 2056 hanc
1208 2008 1320 2057 meam
1349 2008 1450 2056 secus

201 2107 348 2172 iudicare
380 2106 565 2188 poteritis?
616 2106 683 2171 Sed
714 2123 821 2171 unum
850 2106 933 2171 mihi
965 2108 1064 2171 obest
1094 2106 1152 2194 (ne
1185 2107 1295 2172 dicam
1318 2106 1449 2196 vobis),

202 2223 290 2303 quod
326 2222 394 2288 filio
429 2222 506 2302 plus
542 2238 651 2302 aequo
686 2222 854 2294 tribuitis.
887 2239 1055 2302 auresque
1087 2224 1163 2304 plns
1194 2239 1303 2304 aequo
1334 2223 1450 2288 faciles

201 2338 369 2403 deferenti
392 2345 446 2416 (ne
471 2338 580 2403 dicam
603 2338 800 2423 mentienti)
823 2339 1007 2419 praebetis,

248 2454 295 2518 Te
326 2456 444 2518 antem
472 2470 588 2535 spero,
621 2454 883 2536 prudentissime
907 2457 1123 2535 praeceptor,
1148 2454 1205 2534 qui
1228 2457 1357 2519 temere
1381 2471 1449 2519 non

201 2569 359 2634 omnibus
376 2568 593 2650 credendum,
610 2570 667 2649 qui
683 2572 807 2633 cuncta
823 2585 901 2634 cum
916 2569 1037 2634 iudicio
1052 2568 1272 2650 dispicienda,
1288 2569 1346 2649 qui
1362 2572 1398 2633 et
1413 2569 1449 2632 in

200 2684 332 2749 indiciis
363 2684 508 2749 alteram
539 2688 674 2765 partem
705 2684 910 2750 audiendam
933 2701 995 2749 nos
1019 2684 1140 2750 docere
1164 2684 1388 2762 consuevisti,
1413 2686 1449 2749 te

200 2801 366 2888 (iuquam)
382 2817 491 2881 spero,
509 2801 615 2866 immo
631 2817 698 2865 non
715 2818 826 2884 spero,
842 2800 902 2866 sed
918 2804 1013 2866 certo
1029 2801 1156 2866 certius
1168 2801 1249 2866 novi
1260 2817 1328 2865 non
1341 2816 1449 2881 usque

200 2917 284 2981 adeo
297 2916 521 2992 mulierculae,
533 2920 595 2981 aut
607 2919 635 2982 si
649 2934 782 2997 quoque
794 2920 893 2998 pater
906 2917 1063 2992 adfuerit,
1075 2917 1293 3002 φιλοστόργων
1304 2916 1450 2998 querelis

199 3031 394 3107 credidisse,
408 3032 489 3111 quin
504 3031 592 3096 banc
604 3049 716 3097 meam
729 3033 905 3114 apologian
917 3049 1027 3113 aequa
1039 3033 1086 3097 sis
1098 3036 1214 3097 mente
1226 3031 1447 3098 admissurus

200 3147 286 3211 Cum
322 3148 442 3228 legeris
477 3152 595 3213 autem
625 3152 662 3212 et
692 3149 1012 3229 probatissimorum
1040 3148 1098 3228 qui
1121 3148 1261 3212 adfuere
1285 3147 1448 3212 iuvenum

199 3263 398 3329 testimonio
422 3281 477 3328 me
501 3263 583 3328 nihil
606 3281 627 3329 a
650 3265 798 3329 veritate
822 3265 969 3329 alienum
992 3280 1151 3328 narrasse
1167 3263 1341 3345 didiceris,
1358 3262 1450 3327 dicta

199 3378 316 3459 dictis,
340 3380 432 3444 facta
455 3380 569 3455 factis
596 3380 749 3445 rationes
772 3381 964 3445 rationibus
987 3380 1122 3461 confer,
1144 3381 1181 3444 et
1196 3380 1226 3444 si
1242 3394 1296 3443 me
1312 3383 1449 3444 sontem

199 3492 255 3580 (nt
278 3495 324 3557 illi
343 3495 477 3582 volunt)
494 3496 717 3570 indicaveris,
740 3497 943 3562 scholastico
958 3513 1053 3561 more
1069 3496 1214 3578 castiga,
1231 3496 1261 3560 si
1277 3495 1449 3560 insontem

198 3608 255 3696 (nt
285 3610 356 3689 ipse
389 3609 535 3696 confido)
565 3611 708 3676 liberum
736 3612 933 3691 pronuncia.
981 3612 1066 3676 Cum
1089 3611 1161 3675 sint
1184 3611 1276 3676 enim
1299 3611 1448 3692 singula,

199 3741 285 3804 quae
310 3742 331 3789 a
354 3742 409 3790 me
433 3726 488 3791 vel
514 3727 605 3791 dicta
629 3727 684 3791 vel
707 3727 922 3808 factasunt,
946 3730 1008 3791 ant
1032 3730 1176 3791 naturae
1192 3727 1364 3806 proxima,
1388 3728 1449 3791 aut

198 3839 327 3921 legibus
351 3842 511 3921 probata,
537 3846 596 3907 aut
621 3842 858 3907 consuetudini
882 3841 1086 3923 conformia,
1107 3845 1169 3906 aut
1184 3858 1293 3921 aequo
1310 3844 1345 3906 61
1361 3842 1449 3906 bono

198 3959 439 4032 consentanea,
463 3962 524 4022 aut
547 3960 647 4037 pacto
665 3958 920 4034 convenientia,
943 3974 1006 4022 nec
1022 3975 1174 4037 unquam
1190 3974 1210 4022 a
1226 3957 1449 4037 prudentibus

198 4071 335 4137 sceleris
359 4073 508 4138 indicata
531 4073 618 4154 sint,
643 4090 787 4154 cumque
812 4091 866 4137 me
889 4089 1024 4154 semper
1043 4074 1226 4156 hactenus,
1249 4076 1351 4155 prout
1366 4073 1449 4138 haec

198 4190 296 4251 aetas
320 4187 412 4268 tulit,
436 4190 620 4270 maturum,
637 4189 795 4270 probum,
812 4206 985 4271 veracem,
1002 4189 1163 4269 pudicum
1179 4191 1216 4253 et
1231 4189 1332 4254 alieni
1349 4189 1449 4254 absti-

197 4306 337 4367 nentem
361 4303 480 4389 (libere
504 4303 639 4393 loquor)
663 4306 875 4386 probaveris,
892 4309 1012 4370 contra
1028 4305 1222 4370 Petriscum
1237 4304 1448 4392 (quanquam

197 4417 368 4482 illibenter
385 4417 473 4507 dico)
488 4419 611 4497 levem,
629 4421 831 4503 improbum,
845 4422 1053 4503 mendacem,
1066 4420 1284 4501 impudicum,
1297 4421 1448 4485 furacem

197 4534 325 4614 pariter
339 4551 379 4598 ac
391 4550 547 4614 rapacem
561 4552 806 4617 saepenumero
819 4536 1113 4617 depraehenderis,
1126 4536 1257 4601 conlido
1270 4535 1326 4623 (ut
1338 4536 1448 4600 dicere

197 4650 391 4737 coeperam)
414 4651 504 4731 quod
528 4668 588 4732 pro
612 4655 673 4717 tua
696 4652 899 4718 discretione
924 4656 960 4718 et
983 4652 1164 4733 prudentia
1185 4669 1238 4717 me
1259 4653 1449 4732 redargutis
