3270 5310
785 374 848 437 201

192 567 245 623 310
268 567 343 622 blau.
363 566 571 635 Argyroclope.
610 566 663 620 324
681 566 739 621 5151
759 580 813 634 ego
831 567 885 621 325
904 567 932 622 81
955 569 1071 634 patrem
1090 582 1151 623 non
1170 571 1273 624 audias
1292 570 1344 625 327
1363 587 1441 626 aver·

191 664 301 719 samini
330 666 361 718 et
388 664 441 718 329
469 663 507 717 Et
534 663 618 731 pium
644 666 675 718 et
703 663 865 718 honestum
885 665 916 718 et
934 678 1064 732 aequum
1083 666 1114 719 51
1133 665 1228 720 511157
1266 667 1332 722 Non
1352 669 1442 735 pudet

192 762 244 817 330
264 761 406 829 Pigetque
426 762 501 816 vos?
522 761 703 817 ulciscentur
723 761 775 815 387
794 761 930 817 intumet
948 764 1001 818 404
1020 762 1167 818 hactenus
1186 762 1231 817 vel
1251 763 1336 818 alteri
1354 778 1441 819 nemo

192 858 299 913 tribuit
316 858 370 913 433
389 873 429 913 55
447 858 559 925 ephebe
578 859 629 913 441
650 873 775 913 numera
795 860 895 925 potius
913 858 1025 927 ephebe
1043 861 1095 914 454
1115 859 1222 915 salutis
1239 860 1292 915 464
1311 861 1442 916 (1515551

192 955 349 1011 55515467
369 955 635 1022 prudentissimam
654 956 913 1011 488Ρ5115551515
932 958 985 1011 555
1004 957 1071 1025 5155
1090 957 1192 1012 minus
1210 958 1312 1012 decem
1330 958 1440 1013 5551511

193 1053 245 1107 728
263 1051 286 1108 0
303 1052 463 1121 meloclope
477 1053 529 1107 753
541 1053 649 1108 Decem
663 1053 747 1108 video
761 1053 807 1107 vel
820 1054 957 1109 undecim
972 1054 1024 1108 756
1037 1054 1235 1123 Argyroclope
1248 1054 1302 1109 808
1315 1056 1441 1110 Iamiam

192 1154 393 1223 Argyroclope
421 1170 505 1211 curro
532 1156 586 1211 813
615 1155 816 1224 Argyroclope
835 1155 888 1211 832
907 1155 1110 1230 ’1555551155
1128 1156 1182 1210 835
1201 1155 1293 1223 Quem
1312 1158 1347 1211 15
1367 1157 1440 1210 mibi

192 1263 399 1336 1555555557
437 1263 510 1331 Quid
530 1263 655 1318 ridetis?
693 1263 783 1318 Pura.
803 1267 831 1320 οὺ
853 1271 903 1320 νοεῖ
923 1264 1022 1323 κλοπήν
1041 1263 1095 1317 836
1108 1262 1258 1330 Quaenam
1272 1263 1360 1330 01555
1372 1264 1441 1317 5517

191 1365 245 1419 837
263 1365 404 1433 01555517
441 1367 611 1421 Parmeno.
631 1365 688 1420 Abi
709 1365 778 1420 5155
798 1365 948 1433 quadrato.

228 1463 299 1517 Post
325 1464 449 1518 verbum
475 1464 623 1518 revincere
648 1462 702 1517 863
726 1463 901 1516 inseruntur
923 1462 998 1517 duee
1017 1475 1140 1516 scaenae
1160 1461 1201 1516 VI
1220 1463 1251 1516 et
1271 1462 1344 1524 VII,
1364 1462 1441 1515 unde

194 1557 228 1613 111
248 1560 282 1615 51
302 1573 395 1615 novae
413 1560 554 1615 editionis
573 1574 679 1616 scaena
699 1560 774 1615 VIII
793 1560 895 1614 eadem
914 1560 955 1614 511
973 1559 1063 1627 atque
1084 1560 1189 1627 prioris
1208 1573 1314 1614 scaena
1333 1559 1383 1613 Vl.

717 1799 923 1808 .—

664 2002 871 2072 Scaena
906 2000 965 2071 Vl.

479 2223 685 2277 Mrnocnorns.
724 2223 976 2277 Arevaocnorus.
1014 2221 1152 2274 1155551.

444 2397 659 2465 Argyroclope,
679 2411 758 2452 nunc
777 2397 937 2464 argentum
958 2394 1061 2460 habes;

285 2493 359 2561 Quid
379 2495 404 2548 51
424 2508 490 2549 meo
509 2495 596 2548 modo
614 2495 783 2561 acquiescas
802 2493 919 2562 suasui,

285 2590 345 2658 Quo
364 2591 430 2647 illoc
449 2592 578 2660 Megera,
598 2606 672 2660 quae
692 2606 762 2646 suos
782 2590 916 2658 (511557)
935 2589 1057 2644 advehit

284 2687 412 2743 Fructus
431 2691 580 2757 recentes,
599 2687 697 2744 valeat
716 2687 929 2757 implanarier?

213 2787 251 2838 51
285 2786 362 2840 Are.
383 2786 517 2853 Quonam
536 2786 617 2850 dolo,
636 2786 808 2854 Meloclope,
828 2800 923 2853 quave
942 2785 1114 2840 industria?

285 2882 360 2937 1155.
380 2883 517 2939 Primum
536 2884 672 2939 emulum
692 2885 796 2938 nostra
814 2883 976 2938 alteremus
996 2882 1127 2936 nomina.

284 2982 362 3035 Ano.
382 2980 508 3036 Factum
529 2982 602 3049 puta
608 2998 616 3049 3
635 2983 671 3036 15
690 2980 823 3049 81155155
842 2981 920 3048 5515,
940 2993 993 3046 ego
1013 2977 1129 3047 Duplex
1147 2991 1204 3032 ero.

284 3077 373 3151 Quid,
392 3077 519 3148 simple,
541 3080 664 3146 5551557
703 3076 875 3139 11557151,
895 3076 1003 3145 Duple,
1023 3088 1189 3142 suggeram.

285 3176 384 3231 Licere
403 3176 482 3230 mala
501 3176 680 3245 primulum,
700 3175 805 3229 deinde
825 3174 874 3228 ubi

196 3274 252 3328 lbi.
284 3272 347 3328 'l'ibi
368 3274 570 3328 numeraverit
589 3273 703 3327 mihive
726 3271 869 3340 plurima,

286 3371 340 3425 Pro
359 3371 501 3426 crassiore
520 3373 661 3439 argenteo
679 3371 800 3425 ostenso
820 3368 901 3423 voles

285 3467 349 3523 Tibi
369 3470 506 3524 monetes
525 3467 657 3537 publices
676 3468 868 3523 numerarim.

284 3565 362 3632 Quas
381 3565 430 3620 ubi
450 3566 558 3621 dedicit
578 3567 607 3620 te
627 3566 775 3633 ocyssime
794 3565 827 3619 in
846 3565 934 3633 pedes
952 3565 1043 3619 dabis.

284 3663 353 3717 Mox
372 3676 425 3730 ego
445 3665 599 3731 (sequente
618 3663 649 3717 te
670 3663 796 3730 Megera)
814 3661 1017 3728 amplissimas

197 3757 252 3814 lox.
283 3759 404 3826 Stipabo
424 3760 556 3815 manicas
576 3761 631 3814 has
649 3761 793 3828 sinusque
812 3761 942 3814 vestium

284 3856 425 3912 Sollerter
443 3858 567 3924 optimis
587 3858 752 3925 quibusque
771 3857 917 3912 fructibus

186 3999 189 4002 .
285 3952 322 4008 Et
341 3955 373 4008 in
392 3954 548 4022 angiporto
569 3957 597 4009 15
618 3955 753 4009 morabor
773 3954 917 4022 proximo.

285 4052 363 4105 Aee.
381 4050 436 4106 Sat
454 4053 501 4106 est
508 4069 515 4120 3
536 4052 622 4119 probe
641 4054 728 4106 teneo
748 4051 870 4106 modum
891 4066 980 4119 quem
999 4051 1141 4119 suggeris.

285 4148 360 4203 1155.
380 4148 486 4216 Itaque
505 4149 594 4216 probe
612 4162 798 4216 exequamur
804 4165 811 4216 ;
831 4149 896 4215 ipsa
914 4148 996 4202 enim
1016 4161 1087 4202 5555

195 4247 253 4301 201.
284 4246 399 4314 Megera
419 4260 531 4301 merces
551 4246 682 4315 ordinat,
702 4246 807 4300 blande
826 4247 921 4315 canit,

285 4342 425 4398 Nondum
444 4343 533 4407 furit,
553 4343 711 4410 nullusque
732 4344 832 4411 presto
850 4344 897 4398 551
915 4343 1026 4397 arbiter

285 4440 344 4496 Nec
363 4440 440 4495 alius
459 4442 590 4508 emptor;
609 4441 722 4495 erimus
741 4440 955 4509 acceptissimi,

285 4538 401 4593 Invitat
420 4538 508 4594 ultro.
546 4539 621 4592 1155.
642 4538 738 4602 Η555,
759 4537 848 4597 5555,
867 4539 968 4592 adeste
987 4536 1151 4601 iuvenculi,

286 4635 380 4690 Parva
398 4636 489 4690 emite
509 4634 588 4689 mala
607 4637 708 4700 odora,
728 4636 829 4703 mitia,
848 4634 945 4690 dulcia
